1492 2531
162 91 211 129 96
639 92 915 131 SALLUSTII

161 208 271 244 aquae
305 208 464 244 magnus
503 200 610 239 erat3
639 194 730 231 alter
756 195 839 231 usui
873 202 1119 244 opportunus,
1140 196 1241 247 quia,
1265 199 1402 249 magna

158 253 264 298 parte
301 248 435 293 editus,
467 253 503 283 et
538 261 724 297 praeceps,
759 262 879 296 pauca
925 249 1152 287 munimenta
1200 254 1402 301 quaerebat.

161 301 347 339 Caeteriim
380 301 482 350 apud
511 314 645 350 aquam
672 301 815 338 Sullam
835 316 920 338 cum
949 303 1136 351 equitibus
1155 310 1304 341 noctem
1323 306 1401 356 agi-

159 359 236 392 tare
251 356 372 404 jubet.
430 354 516 402 Ipse
537 353 673 391 milites
693 355 881 404 dispersos
910 354 1106 404 paulatim,
1135 371 1256 407 neque
1277 358 1399 396 minus

159 407 330 446 hostibus
368 408 612 453 conturbatis,
647 408 684 443 in
720 422 835 444 unum
875 408 1080 454 contrahit3
1123 411 1207 447 dein
1243 418 1398 449 cunctos

158 461 269 510 pleno
303 461 421 510 gradu
458 461 495 497 in
516 460 647 497 collem
681 461 865 498 subducit.
921 461 981 498 Ita
1015 476 1136 512 reges,
1155 463 1226 501 loci
1246 465 1400 502 difficul-

157 520 232 552 tate
270 514 403 558 coacti,
440 513 570 562 proelio
608 514 857 551 deterrentur:
907 528 1030 565 neque
1058 520 1182 553 tamen
1213 532 1301 555 suos
1319 518 1399 555 lon-

158 568 243 618 gius
281 568 382 604 abire
420 568 576 613 sinunt;
623 568 702 611 sed,
736 573 893 616 utroque
926 568 1021 605 colle
1056 569 1292 608 multitudine
1330 572 1399 608 cir·

157 622 345 667 cumdato,
381 620 488 657 effusi
523 620 738 657 consedere.
811 621 923 667 Dein,
943 622 1082 659 crebris
1101 623 1252 672 ignibus
1277 624 1398 671 factis,

156 675 378 724 plerumque
415 674 533 710 noctis
571 674 731 718 barbari,
774 688 875 711 more
914 689 995 720 suo,
1027 675 1159 721 laetari,
1196 677 1396 722 exsultare,

157 735 322 778 strepere
353 728 530 765 vocibus:
586 734 622 764 et
658 728 728 776 ipsi
758 728 870 764 duces
895 728 1052 774 feroces,
1090 727 1191 778 quod
1226 744 1301 766 non
1337 730 1395 767 fu·

154 782 272 832 gere3
301 795 342 818 ac
380 795 446 830 pro
466 781 670 818 victoribus
690 794 812 830 agere.
868 782 944 818 Sed
972 796 1015 818 ea
1034 788 1167 819 cuncta
1200 784 1396 829 Romanis,

155 849 202 872 ex
236 835 400 873 tenebris
436 841 472 871 et
503 835 720 871 editioribus
753 834 860 877 locis,
894 835 1014 872 facilia
1051 836 1145 880 visu,
1182 850 1394 886 magnoque

154 888 385 926 hortamento
405 893 518 924 erant.
578 885 782 924 Plurimum
803 886 891 924 vero
926 887 1070 925 Marius
1104 889 1291 938 imperitia
1309 891 1397 927 hos-

154 942 247 979 tium
268 942 517 984 confirmatus,
538 940 650 990 quam
670 954 883 977 maxumum
903 941 1088 978 silentium
1118 942 1247 980 haberi
1260 945 1394 994 jubet;

153 995 201 1032 ne
220 996 327 1046 signa
362 995 525 1044 quidem,
563 993 614 1030 uti
634 1008 701 1043 per
720 994 864 1043 vigilias
902 995 1086 1041 solebant,
1106 1009 1261 1045 capere:
1293 998 1392 1041 dein,

153 1049 217 1085 ubi
254 1051 319 1086 lux
351 1049 589 1093 adventabat,
609 1047 768 1084 defessis
798 1049 875 1097 jam
895 1048 1075 1093 hostibus,
1095 1062 1138 1085 ac
1177 1048 1287 1098 paulo
1306 1049 1391 1087 ante

152 1116 283 1140 somno
317 1102 449 1151 captis,
485 1102 530 1137 de
566 1102 767 1149 improviso
787 1101 934 1150 vigiles,
966 1102 1055 1138 item
1074 1102 1295 1147 cohortium,
1314 1110 1392 1140 tur-

152 1170 309 1202 marum,
343 1155 533 1205 legionum
570 1154 767 1197 tubicines,
805 1154 914 1191 simul
950 1153 1069 1192 omnis
1104 1156 1212 1205 signa
1247 1169 1392 1200 canere,

154 1210 291 1247 milites
328 1209 527 1245 clamorem
558 1207 828 1256 tollere,atque
868 1208 981 1256 portis
1009 1222 1214 1258 erumpere.
1268 1209 1393 1246 Mauri

152 1270 264 1312 atque
320 1261 472 1305 Gaetuli,
510 1261 635 1310 ignoto
687 1267 800 1310 atque
851 1261 1017 1298 horribili
1066 1263 1189 1299 sonitu
1237 1262 1392 1311 repente

150 1317 276 1361 exciti,
305 1329 426 1366 neque
455 1315 599 1364 fugere,
634 1328 756 1363 neque
789 1328 890 1350 arma
924 1328 1070 1363 capere,
1101 1328 1222 1364 neque
1243 1316 1391 1353 omnino

150 1371 271 1408 facere
309 1376 372 1406 aut
408 1368 604 1418 providere
642 1368 859 1417 quidquam,
891 1373 1075 1417 poterant.
1141 1369 1200 1405 Ita
1236 1376 1390 1406 cunctos

151 1424 324 1473 strepitu,
363 1422 536 1467 clamore,
569 1421 671 1458 nullo
709 1421 965 1465 subveniente,
1000 1421 1134 1458 nostris
1153 1422 1389 1467 instantibus,

150 1477 326 1522 tumultu,
380 1485 534 1521 terrore,
588 1474 758 1520 formido,
811 1475 918 1525 quasi
974 1475 1160 1519 vecordia,
1214 1481 1387 1524 ceperat:

149 1531 326 1582 denique,
365 1542 492 1566 omnes
527 1529 602 1564 fusi
621 1528 844 1578 fugatique:
875 1542 976 1564 arma
1008 1534 1044 1565 et
1076 1529 1182 1578 signa
1216 1528 1390 1566 militaria

148 1584 325 1634 pleraque
362 1588 492 1632 capta:
541 1582 741 1631 pluresque
779 1595 823 1618 eo
872 1581 1015 1631 proelio,
1052 1582 1166 1631 quam
1216 1582 1388 1619 omnibus

147 1638 416 1688 superioribus,
452 1635 688 1683 interempti;
717 1649 801 1671 nam
821 1648 950 1671 somno
983 1641 1020 1671 et
1037 1641 1137 1672 metu
1154 1635 1305 1672 insolito
1324 1635 1389 1671 im-

147 1693 275 1741 pedita
305 1692 406 1741 fuga.
461 1688 560 1726 Dein
599 1687 758 1733 Marius,
779 1687 835 1724 uti
873 1694 1046 1737 coeperat,
1065 1689 1101 1724 in
1117 1689 1288 1739 hyberna
1305 1702 1389 1737 pro-

148 1746 338 1788 ficiscitur,
374 1755 457 1793 quae
495 1747 647 1791 propter
667 1747 914 1778 commeatum
943 1742 981 1777 in
1001 1742 1147 1791 oppidis
1183 1742 1386 1779 maritumis

147 1813 257 1849 agere
289 1799 531 1839 decreverat;
570 1809 692 1844 neque
713 1801 836 1831 tamen
857 1795 1010 1832 victoria
1039 1809 1165 1832 socors
1198 1801 1261 1832 aut
1288 1795 1387 1832 inso--

148 1853 227 1890 lens
265 1853 413 1897 sactus3
459 1850 526 1885 sed
562 1850 715 1897 pariter,
753 1854 863 1898 atque
899 1849 936 1884 in
973 1854 1177 1898 conspectu
1210 1848 1384 1891 hostium,

147 1906 331 1956 quadrato
365 1903 510 1953 agmine
559 1902 743 1939 incedere.
809 1901 914 1937 Sulla
950 1915 1034 1938 cum
1085 1903 1251 1953 equitatu
1285 1903 1385 1950 apud

148 1960 358 2005 dextim053
386 1960 424 1994 in
457 1956 605 1993 sinistra
636 1961 739 2003 parte
775 1954 824 1991 A.
863 1953 1043 1999 Manlius,
1073 1969 1157 1992 cum
1192 1954 1385 1991 funditori-

148 2014 219 2050 bus
253 2018 289 2049 et
306 2010 517 2061 sagittariis,
552 2008 736 2058 praeterea
769 2008 938 2045 cohortes
975 2008 1169 2059 Ligurum,
1205 2008 1382 2045 curabat:

148 2067 288 2117 primos
308 2071 346 2103 et
380 2070 563 2101 extremos
601 2075 684 2098 cum
703 2062 885 2111 expeditis
918 2062 1114 2112 manipulis
1133 2062 1301 2099 tribunos
1334 2061 1385 2098 lo*

149 2125 306 2157 caverat.
377 2118 563 2166 Perfugae,
593 2115 788 2165 regionum
825 2115 1086 2160 scientissumi,
1119 2115 1282 2152 hostium
1314 2114 1384 2151 iter

148 2173 403 2223 explorabant.
459 2169 576 2206 Simul
607 2168 751 2211 consul,
787 2168 893 2217 quasi
912 2168 1013 2204 nullo
1044 2168 1230 2217 imposito,
1261 2167 1384 2206 omnia

147 2227 366 2276 providere3
394 2223 494 2273 apud
514 2221 634 2260 omnis
654 2222 786 2258 adesse
808 2236 817 2267 3
845 2221 1008 2265 laudare,
1026 2222 1218 2272 increpare
1236 2234 1383 2258 meren²

150 2279 210 2319 tis.
282 2279 382 2329 Ipse,
401 2282 562 2314 armatus
581 2276 835 2325 intentusque,
852 2274 941 2311 item
959 2274 1094 2312 milites
1111 2276 1292 2325 cogebat:
1322 2287 1385 2311 ne-v

147 2347 221 2384 que
241 2333 363 2379 secuS,
381 2337 491 2382 atque
527 2330 597 2370 iter
615 2329 764 2373 faceret,
785 2333 904 2364 castra
922 2329 1078 2374 munire,
1098 2328 1314 2367 excubitum
1348 2327 1387 2365 in
