1492 2531
380 75 748 116 HISTORIARUM
778 73 1126 112 FRAGMENTA.
1280 73 1348 111 121

125 182 298 228 Durium,
326 187 362 219 et
381 182 455 217 dux
484 181 645 218 hostium
675 180 717 217 C.
739 178 952 216 Herennius
982 192 1066 214 cum
1095 178 1186 214 urbe
1215 176 1355 214 Valen‘

126 236 176 273 rifi
206 242 242 273 et
272 234 433 272 exercitu
464 234 588 280 deleti,
626 232 717 270 satis
749 232 848 269 clara
877 232 984 269 vobis
1015 238 1123 268 sunt:
1153 245 1221 280 pro
1251 230 1349 280 quis,

126 288 148 325 ὃ
168 289 263 340 grati
282 294 419 337 patres,
439 293 644 337 egestatem
664 292 699 323 et
717 286 849 323 famem
868 285 1021 322 redditis
1038 284 1044 319 !
1116 283 1247 332 Itaque
1266 298 1348 320 meo

124 348 162 378 et
191 341 350 378 hostium
388 341 565 378 exercitui
597 354 664 390 par
695 339 856 376 conditio
894 344 971 375 est:
1015 351 1174 387 namque
1209 338 1349 386 stipen-

123 395 222 430 dium
253 393 372 430 neutri
401 395 530 431 datur:
560 394 679 431 victor
707 399 861 442 uterque
892 392 927 427 in
958 391 1103 427 Italiam
1133 391 1254 427 venire.
1284 405 1350 440 po-

121 452 204 484 test.
259 447 371 487 Quod
400 462 470 497 ego
491 462 555 483 vos
573 460 705 484 moneo
726 460 931 495 quaesoque
959 450 998 481 ut
1023 444 1349 489 animadvortatis3

121 514 190 537 nen
213 501 353 550 cogatis
372 501 655 537 necessitatibus
683 498 855 550 privatim
884 498 972 534 mihi
1001 497 1204 534 consulere.
1262 497 1350 534 His-

120 554 266 601 paniam
299 555 527 600 Citeriorern,
555 568 640 603 quae
666 568 740 590 non
759 554 806 589 ab
825 551 994 588 hostibus
1014 556 1170 596 tenetur,
1199 564 1267 587 nos
1287 557 1350 588 aut

119 607 305 643 Sertorius
338 608 383 644 ad
415 607 701 644 internecionem
740 606 988 649 vastavimus3
1036 610 1171 653 praeter
1200 604 1351 640 maritu-

119 673 198 696 mas
219 660 399 706 civitates,
428 674 513 710 quae
545 660 642 697 ultro
672 660 779 696 nobis
812 659 947 695 sumtui
980 657 1168 706 onerique.
1225 657 1348 694 Gallia

119 713 309 762 superiore
346 727 442 750 anno
473 712 619 750 Metelli
645 713 846 750 exercitum
876 711 1061 760 stipendio
1090 712 1347 761 frumentoque

117 765 231 809 aluit3
259 772 295 802 et
326 781 423 803 nunc
453 767 558 803 malis
587 767 769 804 fructibus
795 766 874 814 ipse
894 766 956 801 vix
974 765 1101 814 agitat.
1159 764 1238 813 Ego
1269 778 1343 801 non

119 832 195 855 rem
233 819 446 856 familiarem
481 818 605 866 modo,
651 820 779 857 versun
816 819 925 855 etiam
960 818 1083 861 fidem,
1123 818 1347 866 consumpsi.

117 871 266 922 Reliqui
286 887 351 910 vos
371 874 481 919 estis3
511 874 574 923 qui
592 874 662 910 nisi
681 872 899 917 subvenitis,
918 871 1033 908 invito
1063 876 1097 907 et
1121 871 1346 919 praedicente

116 939 189 970 me,
209 927 391 963 exercitus
410 927 508 972 hinc,
537 932 574 964 et
602 941 686 964 cum
716 941 759 963 eo
789 940 895 962 omne
915 924 1054 962 bellum
1075 924 1279 973 l-lispaniae⁹
1308 925 1344 960 in

116 978 263 1017 Italiam
282 980 561 1030 transgreditur.

168 1084 341 1134 Namque
374 1086 443 1132 his,
472 1091 605 1135 praeter
636 1085 744 1122 solita
763 1085 904 1122 vitiosis
934 1085 1225 1134 magistratibus,
1260 1085 1343 1120 cnm

117 1151 182 1185 per
194 1152 340 1175 omnem
355 1140 581 1188 provinciam
596 1139 873 1175 infoecunditate
892 1139 1030 1176 biennii
1050 1139 1218 1186 proxumi
1232 1152 1342 1187 grave

115 1191 272 1238 pretium
290 1192 472 1229 fructibus
492 1198 601 1230 esset.
655 1192 755 1229 Non.
778 1191 903 1228 Grave
921 1191 1088 1228 multum.

168 1243 230 1289 Hi,
260 1245 416 1282 saltibus
437 1246 642 1295 occupatis,
670 1251 748 1281 tum
767 1252 1002 1282 externorum
1021 1258 1130 1294 agros
1149 1245 1317 1282 invasere
1334 1262 1342 1292 3

114 1296 359 1347 frumentique
390 1313 436 1336 ex
464 1300 591 1349 inopia
619 1299 721 1348 gravi
751 1299 863 1335 satias
889 1299 998 1336 facta.
1054 1298 1185 1334 Idem:
1216 1297 1343 1336 Salias

114 1362 186 1385 mm
206 1351 374 1388 satietas.

168 1403 301 1454 Neque
317 1407 393 1455 jam
415 1406 589 1443 sustineri
622 1411 767 1455 poterat
796 1406 1016 1442 immensum
1043 1411 1152 1442 aucto
1181 1406 1285 1451 mari,
1305 1413 1341 1443 et

115 1462 226 1494 vento
246 1458 417 1507 gliscenti
502 1459 604 1496 Idem
620 1475 631 1494 .·
662 1458 803 1495 Gliscit
822 1461 855 1496 ei
874 1458 1116 1509 congelascit,
1137 1458 1339 1509 colligitur,

111 1509 285 1559 ignescit,
306 1512 451 1549 crescit.

157 1562 215 1599 Ac
231 1570 307 1600 tum
326 1564 511 1610 maxume,
525 1564 578 1602 uti
599 1564 694 1601 solet
710 1566 881 1602 extremis
895 1566 930 1601 in
946 1567 1073 1611 rebus,
1092 1565 1163 1602 sibi
1182 1564 1341 1615 quisque

112 1616 352 1654 carissumum
388 1618 486 1656 domi
519 1618 717 1658 recordari,
738 1619 934 1668 cunctique
971 1619 1132 1654 omnium
1170 1619 1339 1655 ordinum

111 1676 273 1706 extrema
291 1673 414 1708 munia
432 1672 547 1722 sequi.
599 1671 726 1708 Idem:
756 1671 909 1716 Mania,
929 1671 1063 1719 officia.

165 1722 212 1758 Et
241 1724 336 1761 forte
364 1726 401 1761 in
429 1726 637 1775 navigando
669 1726 800 1762 cohors
820 1739 904 1770 una,
934 1725 1063 1775 grandi
1082 1725 1200 1761 faselo
1219 1720 1340 1770 vecta,

110 1774 133 1810 a
164 1778 306 1814 caeteris
328 1779 520 1822 deerravit,
540 1779 703 1828 marique
736 1779 884 1828 placido
909 1777 931 1814 a.
952 1778 1098 1815 duobus
1118 1778 1336 1827 praedonum

110 1832 401 1878 myoparonibus
434 1832 697 1869 circumventa.
751 1832 869 1870 Idem.
905 1831 945 1868 in
980 1845 1056 1868 voc.
1114 1831 1276 1868 Faselus
1302 1837 1337 1868 et

110 1880 313 1932 llffyoparo.

162 1935 257 1972 Eum
277 1944 387 1987 atque
408 1937 693 1988 Metrophanem
723 1945 873 1975 senatus
904 1938 1040 1988 magna
1058 1937 1240 1975 industria
1259 1952 1337 1987 per-

109 1989 294 2036 quirebat,
313 1992 398 2028 cum
417 2005 483 2040 per
505 1997 559 2029 tot
587 1992 758 2041 scaphas,
790 2006 882 2041 quas
912 1993 959 2028 ad
990 1992 1081 2028 ostia
1102 2005 1186 2027 cum
1204 1992 1334 2040 paucis

110 2041 192 2077 fidis
210 2050 492 2091 percunctatum
510 2046 694 2082 miserant.
747 2045 851 2082 Idem
868 2059 881 2089 ;
908 2050 943 2082 et
968 2044 1155 2089 Carissusff,
1177 2045 1237 2083 lib.
1258 2045 1282 2080 i.

162 2095 267 2133 Duos
297 2097 409 2147 quam
438 2112 631 2135 maxumos
661 2104 760 2135 utres
792 2099 863 2135 levi
893 2098 1030 2135 tabulae
1051 2099 1234 2148 subjecit3
1263 2098 1336 2146 qua

109 2160 223 2195 super
253 2152 351 2188 omni
385 2165 539 2200 corpore
568 2152 728 2200 quietus,
757 2152 916 2190 invicem
949 2157 1068 2189 tractu
1097 2152 1203 2201 pedis
1230 2152 1335 2200 quasi

110 2201 338 2248 gubernator
373 2205 558 2242 existerit:
606 2204 663 2251 ea,
704 2205 799 2242 inter
842 2205 978 2243 molem
1020 2211 1131 2255 atque
1176 2204 1334 2241 insulam

108 2255 211 2299 mari,
239 2256 461 2303 vitabundus
493 2258 650 2295 classem
677 2258 852 2306 hostium,
881 2260 928 2296 ad
951 2259 1129 2309 oppidum
1157 2258 1335 2308 pervenit.

108 2305 223 2345 Idem.

709 2377 731 2401 G
