1492 2531
135 86 209 124 104
418 85 634 124 BELLUM
662 86 685 124 J
686 85 1049 125 UGURTHINUM
1053 114 1061 124 .

125 174 181 211 iri.
233 173 327 210 Haec
354 172 510 210 Maurus
542 185 672 209 secum
685 173 765 222 ipse
790 173 853 209 diu
871 173 1026 212 volvens
1041 173 1190 210 tandem
1221 174 1356 223 promi-

126 227 184 264 sit.
253 226 436 263 Caeterum
465 225 563 272 dolo,
589 240 635 262 an
664 225 751 263 vere
784 232 990 273 cunctatus,
1023 227 1151 276 parum
1179 229 1354 277 comperi-

126 293 220 318 mus.
278 280 351 318 Sed
381 279 599 329 plerumque
635 279 747 330 regiae
772 279 994 325 voluntates,
1014 279 1069 317 uti
1102 280 1353 327 vehementes,

127 334 182 370 sic
211 333 380 378 mobiles,
414 331 515 382 saepe
547 333 637 382 ipsae
665 334 736 369 sibi
768 334 946 370 advorsae.
1017 332 1168 379 Postea,
1185 339 1352 384 tempore

129 392 167 424 et
201 386 284 423 loco
317 386 530 431 constituto,
562 386 598 421 in
616 385 853 435 colloquium,
882 386 937 423 uti
965 386 1009 422 de
1027 400 1118 434 pace
1152 387 1355 434 veniretur,

125 439 299 477 Bocchus
335 439 476 476 Sullam
511 437 636 482 modo,
666 438 774 476 modo
806 439 1000 489 Jugurthae
1027 438 1190 490 legatum
1229 440 1353 491 appel-

125 493 220 530 lare:
250 491 410 543 benigne
428 493 586 530 habere:
616 492 714 530 idem
739 494 922 530 ambobus
960 492 1144 541 pollicere.
1196 493 1255 530 Illi
1286 508 1353 544 pa-

125 547 213 584 riter
238 546 325 591 laeti,
357 560 399 583 ac
429 546 508 595 spei
529 547 636 583 bonae
670 546 768 595 pleni
802 560 895 584 esse.
952 546 1028 583 Sed
1047 552 1153 583 nocte
1189 546 1247 591 ea,
1266 552 1353 597 quae'

125 613 307 648 proxuma
338 599 407 636 fuit
425 606 509 637 ante
542 599 634 636 diem
657 599 842 649 colloquio
871 600 1073 644 decretum,
1094 600 1263 645 Maurus,
1284 601 1350 638 ad-

125 653 249 690 hibitis
268 653 408 699 amicis,
426 667 468 690 ac
507 652 632 690 statim
652 651 846 690 immutata
879 652 1082 698 voluntate,
1115 654 1263 690 remotis
1283 667 1351 691 cae-

124 706 225 750 teris,
242 707 376 745 dieitur
395 720 521 743 secum
539 706 619 755 ipse
637 705 796 743 multum
829 706 1041 756 agitavisse,
1069 706 1186 751 vultu,
1213 707 1350 753 colore,

125 773 169 796 ac
196 765 298 798 motu
314 760 477 810 corporis
497 760 631 809 pariter
661 765 771 809 atque
791 760 912 796 animo
930 760 1066 805 varius,
1094 773 1178 809 quae
1195 760 1349 806 scilicet,

123 818 268 851 tacente
303 814 399 864 ipso,
432 813 577 851 occulta
608 813 781 863 pectoris}
818 813 890 850 oris
922 813 1183 860 immutatione,
1216 815 1352 862 patefe-

124 868 234 905 cisse.
306 868 445 904 Tamen
478 865 664 916 postremo
697 866 837 902 Sullam
872 867 1011 904 accersi
1040 867 1168 917 J'ubet:
1216 873 1264 913 et,
1300 881 1349 905 ex

122 920 221 957 illius
259 920 453 967 sententia,
487 920 661 957 Numidae
703 920 855 957 insidias
892 920 1020 958 tendit.
1090 920 1249 966 Deinde,
1286 922 1348 958 ubi

125 974 204 1011 dies
225 975 385 1019 advenit,
421 981 458 1012 et
493 974 526 1011 ei
542 974 755 1010 nunciatum
774 980 842 1018 est,
861 973 1082 1022 Jugurtham
1100 973 1200 1011 haud
1219 975 1348 1022 procul

124 1029 280 1074 abesse3
308 1041 393 1064 cum
411 1028 539 1075 paucis
559 1027 685 1063 amicis
717 1033 754 1064 et
788 1031 971 1076 quaestore
1001 1032 1141 1070 nostro,
1158 1028 1264 1076 quasi
1283 1029 1348 1065 ob-

123 1081 221 1125 vius,
240 1081 388 1118 honoris
418 1081 543 1125 causa,
562 1080 730 1129 procedit
757 1080 794 1116 in
824 1079 1006 1120 tumulum
1022 1080 1247 1117 facillumum
1265 1081 1347 1118 visu

120 1135 390 1172 insidiantibus.
444 1133 586 1171 Eodem
605 1133 782 1178 Numida,
800 1148 882 1170 cum
905 1133 1092 1183 plerisque
1124 1135 1346 1171 necessariis

121 1188 210 1234 suis,
238 1188 401 1233 inermis,
433 1187 487 1224 uti
517 1188 656 1224 dictum
687 1193 777 1231 erat,
807 1187 973 1231 accedit3
1014 1201 1056 1223 ac
1085 1185 1221 1230 statim,
1239 1188 1347 1238 signo

121 1241 220 1286 dato,
257 1242 420 1292 undique
457 1241 564 1278 simul
597 1255 643 1277 ex
679 1240 819 1277 insidiis
853 1240 1050 1278 invaditur.
1119 1240 1253 1277 Caeteri
1281 1242 1347 1278 ob-

120 1295 301 1342 truncati3
329 1295 515 1345 ,Iugurtha
545 1294 659 1331 Sullae
685 1294 829 1331 vinetus
865 1293 1033 1339 traditur,
1066 1298 1103 1330 et
1137 1295 1184 1330 ab
1218 1307 1262 1330 eo
1299 1295 1346 1331 ad

120 1347 280 1385 Marium
300 1348 495 1385 deductus.

173 1403 245 1439 Per
279 1402 376 1439 idem
396 1407 556 1451 tempus,
588 1400 786 1437 advorsum
807 1398 936 1436 Gallos
953 1399 1000 1435 ab
1020 1398 1175 1436 ducibus
1194 1401 1345 1445 nostris,

122 1454 169 1499 Q.
200 1456 373 1505 Caepione
398 1461 434 1492 et
462 1455 515 1492 M.
534 1454 688 1499 Manlio,
723 1452 816 1490 male
839 1458 1054 1502 pugnatum.
1124 1452 1208 1496 Quo
1243 1460 1343 1492 metu

118 1507 226 1545 Italia
260 1510 377 1545 omnis
397 1513 677 1546 contremuerat.
732 1506 867 1556 Illique
895 1511 931 1542 et
948 1506 1033 1543 inde
1060 1519 1176 1556 usque
1196 1507 1243 1542 ad
1262 1521 1346 1545 nos-

118 1568 211 1599 tram
238 1562 450 1600 memoriam
486 1561 645 1598 Romani
678 1561 729 1597 sic
764 1559 941 1604 habuere,
979 1559 1050 1596 alia
1077 1559 1198 1596 omnia
1216 1560 1344 1598 virtuti

119 1628 196 1652 suae
220 1630 337 1665 prona
355 1630 464 1663 esse:
493 1629 577 1652 cum
611 1614 729 1651 Gallis
762 1627 829 1663 pro
864 1613 994 1657 salute,
1022 1626 1095 1650 non
1125 1626 1190 1662 pro
1211 1613 1343 1662 gloria,

119 1669 260 1706 certari.
329 1669 416 1715 Sed,
436 1668 632 1720 postquam
661 1668 803 1704 bellum
838 1667 875 1703 in
906 1665 1083 1704 Numidia
1119 1666 1343 1714 confectum,

119 1728 154 1759 et
183 1722 404 1772 ,Iugurtham
445 1723 608 1761 vinctum
654 1721 789 1757 adduci
826 1719 983 1757 Romam
1016 1720 1227 1756 nunciatum
1261 1726 1341 1765 est3

118 1775 267 1812 Marius
299 1777 429 1813 consul
459 1779 594 1815 absens
627 1775 745 1811 sactus
773 1780 841 1818 est,
872 1779 908 1810 et
927 1773 960 1810 ei
990 1774 1135 1809 decreta
1153 1774 1340 1821 provincia

119 1829 263 1875 Gallia3
306 1829 410 1880 isque
443 1829 612 1870 kalendis
631 1827 780 1865 Januar,
808 1827 942 1876 magna
977 1826 1093 1874 gloria
1121 1826 1249 1863 consul
1278 1827 1341 1863 tri-

116 1882 316 1932 umphavit.
369 1883 429 1921 Ex
457 1885 501 1923 ea
525 1887 742 1931 tempestate
768 1896 854 1932 spes
887 1886 996 1930 atque
1017 1893 1105 1929 opes
1126 1879 1282 1917 civitatis
1299 1880 1338 1916 in

114 1935 176 1973 illo
195 1936 274 1973 sitae
291 1942 402 1977 erant.

476 2118 574 2143 1²1le
593 2118 704 2143 BELLI
723 2117 969 2143 JUGURTHINI.
