1492 2531
116 62 193 99 154
502 58 576 97 AD
614 60 658 96 C.
693 58 964 99 CAESAREM

110 165 284 203 virtutem
313 177 388 200 una
406 167 444 199 et
464 162 580 199 ardua
607 163 667 199 via
686 169 762 200 est:
794 163 841 199 ad
871 164 1082 212 pecuniam,
1113 164 1190 214 qua
1218 164 1353 215 cuique

111 219 230 261 lubet,
250 217 397 254 nititur:
427 222 463 252 et
481 216 586 252 malis
616 222 652 253 et
679 217 786 253 bonis
814 218 927 253 rebus
961 231 1006 254 ea
1038 225 1196 256 creatur.
1251 218 1355 268 Ergo

110 272 149 309 in
167 271 296 321 primis
315 269 571 306 auctoritatem
601 270 770 329 pecuniae
796 270 971 307 demitto:
1000 285 1120 320 neque
1147 271 1192 308 de
1220 271 1357 336 capite,

112 338 236 374 neque
267 325 312 360 de
339 323 492 367 honore,
528 335 576 359 ex
608 323 724 372 copiis
757 323 955 372 quisquam
983 324 1104 373 magis
1137 329 1200 362 aut
1232 324 1356 362 minus

107 377 353 430 judicaverit3
381 390 420 412 se
440 388 563 424 neque
583 382 733 424 praetor,
763 390 883 425 neque
903 376 1046 422 consul,
1075 391 1121 414 ex
1151 376 1357 426 opulentia,

116 445 245 470 verum
282 444 329 466 ex
366 429 559 478 dignitate,
596 435 754 467 creetur.
811 429 887 466 sed
921 429 966 467 de
1006 431 1220 480 magistratu
1248 431 1357 467 facile

118 484 249 535 populi
275 482 464 547 judicium
487 481 540 520 fit.
595 481 747 519 ,Iudices
780 496 803 519 a
839 483 969 532 paucis
1000 484 1162 532 probari,
1199 498 1357 544 regnum

120 544 200 584 est;
239 551 285 574 ex
312 549 471 586 pecunia
503 535 589 585 legi,
615 535 863 573 inhonestum.
919 535 1045 580 Quare
1071 550 1198 574 omnes
1229 538 1360 587 primae

123 591 252 628 classis
266 589 437 641 judicare
458 589 628 637 placens
614 589 680 626 sed
708 602 860 626 numero
880 589 1021 639 plures,
1039 603 1151 640 quam
1175 591 1362 641 Judicant.

118 644 255 694 Neque
291 642 474 687 Rhodios,
510 656 631 693 neque
672 642 763 678 alias
800 642 980 688 civitates,
1008 657 1184 693 umquam
1211 657 1362 681 suorum

115 697 341 749 judiciorum
376 695 571 745 poenituit3
615 695 682 733 ubi
728 695 942 745 promiscue
980 697 1096 742 dives,
1137 705 1174 734 et
1209 710 1363 748 pauper,

124 750 178 789 uti
215 750 348 800 cuique
387 763 466 786 sors
502 749 597 795 tulit,
632 749 677 786 de
714 750 899 786 maxumis
934 751 1059 795 rebus,
1087 752 1197 802 juxta
1231 764 1275 788 ac
1315 750 1361 787 de

121 804 314 843 minumis.
343 803 539 851 disceptat.
591 801 669 839 Sed
694 802 740 839 de
761 802 1038 853 magistratibus
1068 804 1235 841 creandis
1262 804 1364 841 haud

123 858 214 895 mihi
248 856 400 907 quidem
428 854 590 892 absurde
622 855 748 905 placet
776 856 853 901 lex,
886 871 998 906 quam
1028 858 1069 894 C.
1101 858 1294 895 Gracchus
1325 857 1364 893 in

125 912 317 948 tribunatu
348 908 672 959 promulgaverat3
701 907 758 945 uti
778 923 824 946 ex
843 911 1012 947 confusis
1040 911 1204 962 quinque
1235 910 1364 947 classi-

123 966 196 1002 bus
234 968 330 1000 sorte
362 963 538 999 centuriae
570 968 802 1000 vocarentur.
869 963 929 1000 Ita
960 965 1143 1014 coaequati
1173 965 1365 1014 dignitate,

124 1017 307 1068 pecunia3
354 1016 489 1052 virtute
527 1016 666 1053 anteire
704 1015 798 1052 alius
830 1015 943 1053 alium
980 1017 1206 1067 properabit.
1276 1016 1364 1054 Nec

128 1085 198 1122 ego
220 1083 353 1119 magna
372 1069 536 1106 remedia
564 1075 692 1106 contra
720 1069 864 1105 divitias
896 1076 1031 1107 statuo.
1086 1070 1185 1106 Nam
1212 1070 1366 1120 perinde

129 1138 256 1162 omnes
289 1137 348 1160 res
379 1122 579 1159 laudantur
610 1127 719 1171 atque
750 1128 990 1171 appetuntur,
1018 1129 1057 1161 ut
1089 1137 1215 1161 earum
1245 1137 1368 1160 rerum

129 1191 219 1216 usus
253 1181 328 1214 est:
373 1175 511 1212 malitia
546 1176 706 1225 praemiis
739 1181 943 1214 exercetur.
996 1177 1072 1214 Ubi
1107 1191 1152 1213 ea
1177 1177 1369 1221 demseris,

130 1245 239 1269 nemo
278 1230 443 1267 omnium
479 1227 640 1278 gratuito
685 1229 791 1265 malis
837 1234 904 1266 est.
975 1230 1175 1268 Caeterum·
1204 1230 1370 1273 avaritia,

130 1284 258 1323 bellua
289 1284 380 1329 fera,
408 1283 590 1328 immanis,
619 1282 852 1319 intoleranda
880 1288 955 1320 est:
993 1282 1069 1334 quo
1105 1284 1276 1329 intendit,
1308 1298 1372 1333 op-

131 1339 232 1389 pida,
279 1350 402 1386 agros,
447 1336 533 1372 sana
576 1341 687 1386 atque
734 1336 877 1375 domos,
922 1342 1070 1382 vastat3
1112 1337 1236 1374 divina
1285 1350 1371 1374 cum

131 1390 301 1428 humanis
334 1389 559 1453 permiscet3
594 1403 725 1440 ¹neque
762 1390 946 1426 exercitus
976 1403 1097 1440 neque
1131 1391 1267 1428 moenia
1310 1391 1370 1427 ob-

137 1450 255 1489 stant,
275 1441 350 1493 quo
379 1440 501 1479 minus
525 1442 560 1479 vi
579 1456 647 1479 sua
676 1448 867 1493 penetret3
896 1443 1007 1489 fama,
1026 1444 1216 1494 pudicitia,
1232 1444 1374 1490 liberis,

133 1499 253 1550 patria
281 1502 392 1546 atque
413 1496 630 1545 parentibus
651 1502 804 1533 cunctos
824 1497 994 1533 mortales
1020 1497 1162 1547 spoliat.
1216 1497 1374 1540 Verum,

134 1553 165 1589 si
185 1550 356 1601 pecuniae
375 1550 489 1586 decus
510 1550 707 1595 ademeris,
735 1563 869 1598 magna
895 1549 958 1587 illa
986 1550 1042 1588 vis
1072 1551 1235 1588 avaritiae
1265 1548 1374 1587 facile

133 1605 242 1643 bonis
277 1603 445 1640 moribus
482 1603 661 1640 vincetur.
730 1604 858 1652 Atque
894 1603 975 1640 haec
1011 1604 1062 1641 ita
1098 1618 1180 1642 sese
1225 1605 1376 1649 habere,

134 1657 281 1696 tametsi
315 1670 443 1694 omnes
475 1657 571 1704 aequi
602 1662 711 1705 atque
743 1656 861 1705 iniqui
892 1663 1114 1694 memorent:
1154 1667 1275 1694 tamen
1307 1657 1375 1694 tibi

137 1726 221 1749 cum
250 1711 408 1747 factione
436 1709 638 1746 nobilitatis
666 1709 766 1748 haud
793 1709 1027 1747 mediocriter
1055 1712 1269 1748 certandum
1296 1716 1376 1756 est;

136 1767 244 1816 cujlls
291 1765 323 1801 si
369 1761 495 1799 dolum
532 1764 686 1806 caveris,
725 1762 797 1799 alia
844 1765 966 1801 omnia
998 1765 1036 1801 in
1071 1764 1226 1814 proclivi
1260 1769 1377 1801 erunt.

134 1819 238 1856 Nam
266 1817 318 1861 hi,
340 1816 369 1853 si
389 1816 524 1852 virtute
549 1815 639 1853 satis
671 1815 850 1861 valerent,
884 1816 1002 1867 magis
1030 1818 1155 1854 aemuli
1184 1819 1379 1862 bonorum,

136 1871 249 1923 quam
280 1870 408 1915 invidi,
442 1876 578 1907 essent.
633 1869 731 1912 Quia
761 1869 916 1915 desidia,
945 1876 983 1907 et
1004 1871 1147 1917 inertia,
1178 1877 1215 1908 et
1249 1877 1378 1916 stupor

135 1940 212 1970 eos,
258 1930 370 1974 atque
407 1923 575 1972 torpedo,
612 1923 768 1967 invasit3
812 1927 995 1972 strepunt,
1031 1926 1251 1966 obtrectant,
1284 1923 1372 1960 alie-

134 1993 219 2016 nam
255 1978 392 2014 samam
429 1990 539 2013 suum
576 1977 738 2013 dedecus
775 1975 1014 2015 existumant.
1067 1979 1142 2015 Sed
1177 1977 1268 2026 quid
1305 1990 1376 2026 ego

133 2033 251 2082 plura,
281 2030 388 2090 quasi
418 2029 462 2065 de
493 2030 644 2079 ignotis,
677 2031 906 2068 memorem?
961 2032 1015 2069 M.
1035 2031 1160 2067 Bibuli
1187 2030 1379 2074 fortitudo,

135 2092 245 2134 atque
265 2084 376 2120 animi
395 2082 462 2127 vis,
481 2082 518 2118 in
538 2083 770 2120 consulatum
790 2084 935 2132 erupit.
965 2085 1080 2121 hebes
1099 2083 1241 2133 lingua,
1259 2081 1379 2133 magis

135 2139 268 2182 malus.
302 2150 415 2185 quam
452 2135 621 2179 callidus,
658 2136 822 2187 ingenio.
901 2136 1001 2180 Quid
1040 2137 1099 2174 ille
1135 2137 1283 2183 audeat,
1320 2137 1380 2173 cui

138 2191 367 2230 consulatus,
399 2202 612 2226 maxumum
639 2190 848 2239 imperium,
879 2204 1050 2228 maxumo
1081 2190 1252 2227 dedecori
1282 2188 1382 2227 fuit?

137 2247 199 2283 An
225 2245 269 2282 L.
290 2242 444 2281 Domitii
473 2256 605 2292 magna
626 2244 678 2279 vis
708 2250 776 2286 est,
809 2246 915 2295 cujus
947 2245 1090 2280 nullum
1120 2245 1325 2280 membrum
1357 2242 1381 2279 ὰ

130 2299 271 2349 flagitio
308 2302 370 2333 aut
401 2295 563 2333 facinore
595 2297 731 2335 vacat?
757 2297 886 2348 lingua
916 2310 1022 2344 vana,
1051 2311 1181 2335 manus
1201 2302 1380 2342 cruentae,
