1492 2531
340 68 710 109 HISTORIARUM
738 67 1095 106 FRAGMENTA.
1266 69 1340 107 109

114 175 233 214 riam?
259 174 401 213 scilicet
434 173 584 210 milites:
615 186 771 223 quorum
805 173 996 223 sanguine,
1028 171 1195 209 Tarrulae
1222 171 1338 222 Scyr-

114 242 242 278 roque,
271 227 455 278 pessumis
501 240 701 270 servorum,
738 227 874 264 divitiae
919 232 1034 276 partae
1081 234 1178 262 sunt.
1260 227 1338 272 An,

115 282 250 332 quibus
269 281 442 330 praelatus
478 279 516 316 in
546 280 820 329 magistratibus
858 279 1051 330 capiundis
1072 278 1254 323 Fufidius,
1275 293 1340 315 an-

114 335 197 372 cilla
231 335 361 384 turpis,
392 334 568 371 honorum
590 333 750 369 omnium
775 332 1175 370 dehonestamentum?
1203 331 1338 382 Itaque

114 401 321 424 maxumam
338 387 426 423 mihi
460 386 631 423 fiduciam
667 387 763 436 parit
797 387 914 423 victor
949 387 1144 432 exercitus,
1184 386 1244 422 cui
1271 399 1339 434 per

114 445 167 477 tot
200 441 351 479 vulnera
387 446 424 478 et
450 440 596 477 labores
616 439 703 476 nihil
738 445 872 489 praeter
906 445 1101 490 tyrannum
1139 439 1339 489 quaesitum

114 500 181 531 est.
247 493 333 530 Nisi
351 494 445 531 forte
475 493 707 530 tribuniciam
740 498 961 542 potestatem
981 507 1148 531 eversum
1183 493 1339 542 profecti

113 552 200 584 sunt
233 561 299 596 per
335 561 448 591 arma,
468 547 653 583 conditam
683 545 706 583 εὶ
736 546 937 597 majoribus
970 547 1066 583 suis:
1096 547 1224 595 utique
1254 546 1341 597 jura

114 606 149 637 et
161 601 301 651 judicia
334 601 480 637 sibimet
510 604 795 649 extorquerent:
826 600 977 650 egregia
996 600 1136 636 scilicet
1155 600 1340 645 mercede,

114 654 212 700 cum,
246 654 398 703 relegati
416 655 453 690 in
473 653 625 702 paludes
661 658 698 690 et
715 653 842 697 silvas,
863 653 1117 690 contumeliam
1139 659 1250 702 atque
1281 653 1340 689 in-

113 707 247 744 vidiam
282 720 399 753 suam,
418 707 569 755 praemia
603 706 718 755 penes
736 720 876 766 paucos
902 706 1159 756 intelligerent.
1214 706 1340 750 Quare

112 760 224 809 igitur
242 765 343 797 tanto
375 761 519 810 agmine
538 765 649 808 atque
669 760 799 796 animis
826 759 992 797 incedit?
1048 760 1146 804 Quia
1165 760 1340 799 secundae

113 827 171 850 res
208 813 298 850 mire
334 819 420 850 sunt
456 813 552 850 vitiis
585 814 780 849 obtentui·
772 813 946 861 qulbus
965 813 1207 856 labetactans,
1227 826 1340 874 quam

114 867 328 903 formidatus
365 866 474 903 antea
510 872 579 910 est,
599 871 673 902 tam
693 872 968 903 contemnetur.
1000 866 1183 904 nisisorte
1215 867 1339 916 specie

113 920 322 958 concordiae
342 925 378 957 et
395 921 512 969 pacis,
532 932 615 969 quae
652 919 782 956 sceleri
818 924 855 956 et
890 919 1087 969 parricidio
1124 920 1272 957 nomina
1286 921 1341 957 in-

114 973 217 1011 didit.
272 974 406 1023 Neque
443 973 548 1010 aliter
566 972 707 1022 populo
744 972 911 1010 Romano
931 987 1011 1010 esse
1032 973 1119 1010 belli
1147 974 1257 1010 finem
1276 974 1341 1021 ait,

114 1027 184 1064 nisi
203 1034 349 1064 maneat
383 1026 538 1076 expulsa
573 1027 671 1075 agris
707 1025 849 1074 plebes,
867 1027 995 1075 praeda
1030 1027 1146 1063 civilis
1178 1028 1342 1064 acerbis-

114 1094 232 1125 suma,
261 1082 337 1131 jus,
367 1080 621 1129 judiciumque
659 1080 821 1115 omnium
855 1093 977 1116 rerum
1012 1080 1128 1129 penes
1161 1094 1213 1126 se,
1240 1081 1342 1130 quod

114 1133 244 1183 populi
282 1133 438 1170 Romani
470 1133 548 1169 fuit.
620 1132 729 1177 Quae,
763 1133 793 1169 si
827 1133 931 1169 vobis
967 1147 1040 1182 pax
1076 1139 1112 1170 et
1144 1134 1342 1171 concordia

113 1186 380 1237 intelliguntur,
416 1199 589 1223 maxuma
621 1187 855 1222 turbamenta
883 1186 1114 1235 reipublicae,
1134 1194 1245 1237 atque
1266 1188 1342 1225 exi-

114 1241 177 1283 tia,
209 1241 385 1290 probate:
430 1240 577 1276 annuite
597 1238 745 1288 legibus
781 1239 986 1288 impositis:
1033 1241 1188 1289 accipite
1225 1241 1340 1279 otium

114 1307 199 1330 cum
235 1294 404 1330 servitio:
437 1299 473 1329 et
491 1293 622 1328 tradite
659 1291 870 1341 exemplum
890 1294 1048 1341 posteris
1078 1295 1125 1330 ad
1161 1294 1341 1343 populum

113 1346 321 1383 Romanum
359 1348 493 1382 suimet
528 1345 718 1395 sanguinis
755 1346 925 1383 mercede
959 1347 1339 1386 circumveniundum.

113 1399 223 1446 Mihi,
258 1412 485 1459 quamquam
519 1412 586 1448 per
597 1376 689 1435 ²³hoc
710 1413 893 1435 summum
910 1400 1102 1449 imperium
1123 1400 1215 1438 satis
1234 1415 1338 1452 quae-

113 1453 224 1490 situm
259 1458 338 1490 erat
371 1453 509 1489 nomini
538 1453 729 1502 majorum,
766 1453 948 1501 dionitati,
968 1460 1078 1502 atque
1097 1455 1208 1491 etiam
1244 1470 1339 1504 prae·

112 1507 230 1553 sidi03
276 1512 399 1543 tamen
434 1520 508 1543 non
538 1506 606 1542 fuit
642 1505 835 1542 consilium
870 1507 1031 1555 privatas
1070 1522 1160 1557 opes
1192 1509 1339 1556 facere3

112 1560 306 1610 potiorque
325 1561 404 1597 visa
422 1566 478 1597 est
496 1559 705 1609 periculosa
721 1559 874 1596 libertas
893 1561 1017 1609 quieto
1037 1561 1196 1598 servitio.
1241 1562 1338 1606 Quae

114 1614 145 1650 si
177 1614 354 1662 probatis,
374 1614 514 1656 adeste,
532 1612 716 1656 Quirites:
747 1618 796 1656 et,
816 1613 913 1650 bene
943 1615 1160 1664 juvantibus
1183 1615 1266 1661 diis,
1283 1615 1340 1654 M.

112 1666 307 1703 fEmilium
343 1666 544 1712 consulem,
563 1667 692 1703 decem
728 1671 764 1703 et
779 1672 945 1703 autorem
965 1668 1160 1718 sequimini
1179 1669 1225 1705 ad
1247 1670 1340 1707 reci-

112 1720 288 1770 piundam
309 1719 527 1757 libertatem.

164 1826 271 1863 Tunc
290 1825 378 1864 vero
413 1831 450 1863 et
482 1827 585 1875 posci
604 1826 688 1863 cum
708 1827 833 1865 caeteri
853 1827 1019 1878 ejusdem
1056 1829 1169 1866 causa
1204 1829 1337 1868 ducem

111 1881 262 1918 senatus
298 1880 378 1925 rati,
413 1893 583 1917 maxumo
620 1881 755 1930 gaudio
794 1881 931 1918 bellum
950 1881 1103 1919 irritare.
1173 1882 1337 1930 Nonius,

111 1934 280 1978 irritare,
298 1947 517 1984 provocare.

165 1987 359 2025 Curionem
397 1987 580 2036 quaesivit,
615 1992 668 2033 ut,
704 1987 987 2033 adolescentior,
1024 1993 1063 2025 et
1098 1989 1229 2039 populi
1264 1992 1338 2028 suf-

111 2040 236 2091 fragiis
272 2042 426 2090 integer,
462 2041 561 2077 aetati
596 2041 815 2077 concederet
849 2042 1039 2079 Mamerci.
1097 2042 1337 2090 Priscianus,

108 2093 170 2130 lib.
190 2108 225 2131 x.

164 2147 371 2197 Philippus,
390 2147 453 2197 qui
472 2152 580 2184 aetate
599 2153 635 2185 et
655 2147 808 2185 consilio
828 2153 986 2185 caeteros
1010 2149 1187 2187 anteibat.
1243 2150 1335 2189 Ser·

109 2199 205 2247 vius,
224 2199 284 2238 lib.
302 2201 353 2239 iX.
