1492 2531
145 78 196 116 54
623 78 903 116 SALLUSTII

141 179 229 218 facti
261 180 333 226 sui,
376 186 488 231 atque
525 181 563 217 in
600 181 824 219 deditionem
856 180 912 218 uti
945 182 1204 231 acciperetur3
1232 182 1375 233 reliqua

142 248 226 271 cum
245 234 374 270 Bestia
393 240 430 271 et
456 236 593 271 Scauro
624 241 767 272 secreta
799 235 996 285 transegit:
1025 235 1108 272 dein
1122 240 1272 285 postero
1301 237 1375 283 die,

141 288 249 336 quasi
268 300 332 336 per
351 293 515 324 saturam
547 289 738 325 sententiis
754 288 964 337 exquisitis,
996 289 1034 324 in
1064 289 1287 326 deditionem
1317 303 1375 327 ac-

141 341 287 390 cipitur.
348 342 434 386 Sed,
461 339 515 377 uti
545 355 612 390 pro
641 342 794 379 consilio
826 342 1046 390 imperatum
1075 347 1166 385 erat,
1187 342 1375 391 elephanti

140 408 227 439 xxx,
255 408 388 443 pecus,
424 399 535 442 atque
572 394 659 444 equi
699 395 817 439 multi,
851 409 934 431 cum
967 408 1041 431 non
1074 409 1189 444 parvo
1230 397 1375 446 argenti

139 449 315 496 pondere,
364 447 541 496 quaestori
586 448 791 485 traduntur.
864 447 1090 497 Calpurnius
1135 448 1292 486 Romam
1327 450 1376 486 ad

139 501 378 551 magistratus
424 501 610 550 rogandos
642 501 900 551 proficiscitur,
954 501 998 538 In
1033 500 1210 538 Numidia
1237 507 1274 539 et
1309 516 1374 540 ex-

139 555 255 591 ercitu
287 559 413 591 nostro
456 567 529 603 pax
564 554 784 605 agitabatur.
838 553 1046 604 Postquam
1080 568 1139 591 res
1173 556 1212 591 in
1243 555 1374 592 Africa

139 614 279 657 gestas,
299 621 449 656 quoque
482 608 592 644 modo
623 613 715 645 actae
743 608 877 652 forent,
914 608 1010 644 sama
1043 607 1267 658 divulgavit;
1297 609 1375 646 Ro-

140 675 210 699 mae
241 675 307 709 per
339 659 458 698 omnis
484 661 588 697 locos
619 666 656 698 et
684 666 887 698 conventus
916 661 960 697 de
979 662 1077 697 facto
1109 661 1272 698 consulis
1299 662 1374 712 agi-

139 715 232 751 tari:
263 715 365 763 apud
398 714 541 763 plebem
571 715 694 763 gravis
724 715 885 752 invidia:
918 720 1040 763 patres
1070 714 1219 751 solliciti
1248 721 1371 759 erant:

138 769 386 817 probarentne
410 773 554 804 tantum
581 768 776 817 flagitium,
805 781 850 804 an
879 768 1070 804 decretum
1095 768 1256 804 consulis
1287 769 1374 805 sub-

137 826 337 865 verterent,
388 819 519 870 parum
569 822 762 858 constabit.
818 821 875 858 Ac
909 819 1079 857 maxume
1112 835 1176 858 eos
1206 822 1374 870 potentia

137 875 281 920 Scauri,
309 873 409 924 quod
440 875 469 911 is
502 883 632 911 auctor
660 883 696 911 et
712 874 836 911 socius
856 874 992 911 Bestiae
1017 874 1216 917 serebatur,
1247 873 1372 912 avero

135 928 310 976 bonoque
347 928 583 976 impediebat.
638 928 692 964 At
724 930 766 965 C.
799 928 1015 972 Memmius,
1043 928 1150 978 cujus
1189 928 1234 964 de
1262 927 1373 965 liber-

137 986 211 1018 tate
236 981 376 1031 ingenii
403 987 439 1018 et
475 982 560 1018 odio
597 982 774 1031 potentiae
808 981 1010 1018 nobilitatis
1047 980 1162 1030 supra
1195 981 1370 1026 diximus,

134 1034 230 1071 inter
267 1035 534 1072 dubitationem
564 1042 600 1071 et
629 1048 750 1071 moras
787 1035 952 1080 senatus,
981 1034 1223 1071 concionibus
1249 1048 1369 1084 popu-

134 1087 213 1124 lum
249 1089 297 1124 ad
329 1089 593 1125 vindicandum
623 1088 780 1124 hortari:
810 1102 976 1133 monere,
1011 1086 1057 1124 ne
1087 1088 1371 1136 rempublicam,

135 1139 182 1178 ne
196 1141 406 1178 libertatem
444 1155 563 1188 suam,
579 1142 810 1179 desererent:
841 1147 961 1177 mutta
994 1141 1168 1190 superba,
1204 1140 1373 1178 crudelia

138 1195 302 1232 facinora
350 1195 553 1232 nobilitatis
601 1196 812 1232 ostendere:
859 1193 1011 1244 prorsus
1056 1194 1234 1240 intentus,
1273 1194 1372 1231 omni

135 1250 247 1285 modo
283 1248 402 1297 plebis
430 1249 592 1285 animum
621 1249 861 1285 accendebat.
917 1248 991 1284 Sed
1011 1247 1184 1296 quoniam
1212 1247 1258 1283 ea
1283 1253 1373 1284 tem-

133 1307 277 1351 pestate
310 1302 442 1338 Romae
479 1302 649 1338 Memmii
679 1301 850 1338 facundia
883 1300 983 1336 clara
1011 1300 1231 1350 pollensque
1274 1301 1367 1347 fuit3

134 1356 265 1392 decere
308 1355 525 1392 existumavi
547 1368 658 1391 unam
692 1368 738 1391 ex
774 1360 849 1391 tam
880 1354 1004 1390 multis
1048 1353 1249 1390 orationem
1286 1355 1367 1404 ejus

134 1409 388 1458 perscribere3
416 1422 458 1446 ac
490 1405 736 1457 potissumum
768 1422 812 1445 ea
844 1407 978 1453 dicam,
1010 1420 1094 1455 quae
1121 1406 1159 1442 in
1187 1407 1367 1444 concione

133 1468 218 1511 post
233 1463 391 1499 reditum
409 1462 546 1499 Bestiae
564 1461 824 1511 hujuscemodi
844 1460 963 1497 verbis
975 1460 1172 1497 disseruit:

183 1515 314 1552 Multa
340 1529 397 1552 me
423 1515 672 1552 dehortantur
701 1513 725 1551 ὰ
759 1513 874 1558 vobis,
908 1512 1091 1559 Quirites,
1128 1511 1170 1548 ni
1200 1511 1369 1549 studium

133 1569 345 1619 reipublic-az
386 1568 515 1605 omnia
551 1573 721 1619 supe-ret;
765 1582 849 1615 opes
883 1566 1086 1617 factionis,
1131 1571 1256 1602 vestra
1300 1578 1372 1616 pa-

130 1622 280 1668 tientia,
306 1622 376 1673 jus
404 1622 545 1659 nnllam
561 1637 573 1666 ;
602 1637 648 1659 ac
681 1620 867 1664 maxume,
904 1618 999 1671 quod
1030 1618 1250 1656 innocentiae
1282 1617 1371 1669 plics

129 1676 302 1724 periculi,
353 1674 463 1726 quimz
509 1676 671 1720 honoris,
709 1680 775 1712 est.
830 1674 932 1710 Nam
973 1673 1044 1710 illa
1075 1672 1227 1724 quidam
1259 1673 1369 1723 piget

134 1729 271 1774 (licere,
305 1729 363 1766 his
393 1729 504 1766 annis
540 1741 603 1765 xv.
650 1727 758 1780 quiem
802 1726 962 1765 ludibrio
997 1725 1157 1775 fueritis
1184 1725 1365 1776 snperbioe

129 1783 366 1832 paucorum!
402 1782 517 1834 quitm
539 1781 658 1832 faecle,
688 1781 864 1833 quamque
893 1780 1021 1825 inulti,
1043 1777 1229 1830 perierint
1257 1778 1374 1816 vestri

132 1837 371 1885 defensores!
402 1841 444 1873 ut
479 1836 582 1873 vobis
615 1836 763 1873 (citimus
793 1835 841 1871 ab
870 1832 1029 1886 ignavis}
1059 1838 1168 1884 atque
1195 1830 1370 1869 socordic‘i

130 1895 330 1940 corruptus
363 1889 442 1927 sit!
485 1890 551 1940 qui
586 1903 632 1926 ne
668 1904 765 1926 mmm
797 1888 961 1939 quidem,
994 1885 1160 1924 obnoxiis
1188 1884 1366 1929 inimicis,

131 1943 360 1994 exszcrgitis;
402 1948 516 1994 atque
548 1942 666 1980 etiam
707 1956 804 1980 mmo
846 1940 988 1978 timetis
1019 1954 1092 1985 eos,
1135 1938 1263 1990 quibus
1302 1951 1369 1975 vos

130 1997 233 2033 decet
263 1997 403 2034 terrori
435 1996 541 2033 esse!
572 1997 648 2033 Sed
679 1994 899 2047 quamqucim
929 1994 1007 2031 laceo
1037 1993 1138 2030 talia
1170 1996 1256 2029 sunt
1267 2005 1292 2050 ‚··
1312 1998 1368 2050 tfz-

131 2064 214 2086 men
254 2049 403 2087 obvicim
447 2050 503 2086 ire
538 2049 730 2100 factionis
779 2048 961 2099 potentiae
1016 2047 1164 2084 animus
1210 2044 1365 2095 subigit.

132 2103 240 2140 Certe
274 2118 342 2155 ego
374 2103 598 2148 libertatem,
628 2117 702 2155 quae
736 2102 831 2139 milii
860 2101 885 2139 ὰ
915 2105 1073 2152 parente
1105 2112 1182 2135 meo
1213 2097 1367 2135 tradita

132 2162 199 2201 est,
220 2156 416 2208 experiar:
448 2156 577 2193 veritm
606 2156 648 2193 id
661 2154 833 2205 frzcstrc'c,
867 2169 916 2192 (m
948 2154 990 2191 ob
1026 2167 1105 2190 rem
1125 2151 1293 2201 faciam,
1324 2150 1366 2188 in

130 2209 257 2247 vestm}
286 2223 402 2247 manu
433 2210 548 2246 silum
578 2215 644 2254 est,
671 2209 852 2256 Quirites.
907 2208 1033 2258 Neque
1052 2219 1120 2255 ego
1140 2218 1202 2242 vos
1221 2204 1365 2248 hortor,

132 2265 227 2315 qnod
258 2263 354 2313 scepe}
386 2263 550 2313 majores
567 2264 683 2300 vestri
701 2261 843 2312 fecere,
873 2261 928 2298 nti
960 2264 1092 2297 contra
1117 2257 1282 2308 injurias
1301 2271 1364 2293 ar-

130 2318 226 2354 mati
245 2319 365 2361 eatis;
392 2316 493 2354 nillil
525 2316 576 2359 vi,
608 2316 708 2353 nihil
736 2314 950 2360 secessione,
980 2326 1095 2363 opus:
1123 2324 1264 2348 necesse
1295 2314 1363 2356 est,
