1492 2531
298 76 674 114 HISTORIARUM
714 76 1046 114 FRAGMENTA
1057 104 1066 114 .
1230 77 1299 115 141

123 182 321 219 Sallustius
350 183 463 219 duces
492 182 630 225 laudat,
659 183 737 233 qui,
765 182 956 219 victoriam
983 183 1175 219 incruento
1205 195 1306 218 exer-

72 237 145 273 citu
165 237 416 285 deportarunt.
469 235 583 272 Idem.

126 291 239 326 Cares
275 289 441 325 Insulani
475 289 604 339 populi
639 289 801 334 fuerunt,
836 289 1029 338 piraticam
1075 294 1303 329 exercentes,

72 343 216 388 famosi,
244 342 331 378 victi
360 341 382 378 εὶ
413 340 558 387 Minoe,
589 341 644 378 uti
673 342 873 379 Sallustius
901 348 937 379 et
963 342 1203 392 Thucydides
1233 348 1306 379 tra-

73 397 175 433 dunt.
231 394 346 432 Idem.

125 448 156 484 A
206 448 319 498 Troja
362 450 487 499 Capys
534 448 785 498 Campaniam,
822 447 990 485 Helenus
1028 446 1306 493 Macedoniam,

72 502 133 538 alii
151 501 371 547 Sardiniam,
391 503 593 540 secundam
614 501 844 544 Sallustium,
863 506 1071 538 tenuerunt.
1126 501 1244 538 Idem.

125 555 315 592 Dardania
341 554 363 591 a.
392 556 567 594 Dardano
595 556 698 593 Jovis
735 561 772 591 et
807 555 965 591 Electrae
1000 555 1100 602 filio3
1136 560 1213 599 aut,
1250 569 1306 591 se-

74 609 236 644 cundum
255 608 482 654 Sallustium,
503 609 524 646 ἐι
544 611 651 647 Mida
679 609 937 645 Dardanorum
969 622 1068 658 rege,
1098 609 1162 658 qui
1190 608 1307 658 Phry-

74 662 173 710 giam
192 662 320 698 tenuit.
374 662 491 700 Idem.

129 714 327 751 Sallustius
346 715 514 765 Scyllam
529 729 659 752 saxum
679 729 762 752 esse
793 714 893 759 dicit,
921 713 1038 751 simile
1068 714 1195 751 formae
1216 714 1308 751 cele-

74 769 187 805 bratae
207 768 337 817 procul
355 769 570 806 visentibus.
624 768 743 805 Idem.

128 821 171 857 In
207 821 333 858 Sicilia
370 828 425 858 est
460 822 685 868 Enceladus,
722 821 840 859 Othus
877 821 914 857 in
951 819 1074 865 Creta,
1103 819 1308 856 secundum

74 873 301 911 Sallustium.
354 875 471 911 Idem.

126 927 323 965 Sallustius
359 929 421 974 ait,
458 928 708 977 Hispanorum
746 942 884 964 morem
919 928 1047 972 fuisse,
1077 932 1116 964 ut
1144 927 1181 963 in
1209 926 1312 964 bella

75 982 245 1019 euntibus
270 982 472 1032 juvenibus
504 987 697 1030 parentum
726 982 822 1018 sacta
852 987 1103 1018 memorentur
1131 979 1154 1016 εὶ
1182 984 1309 1017 matri-

75 1036 157 1072 bus.
217 1034 327 1072 Idem.

131 1088 258 1133 Orion,
281 1090 387 1139 juxta
422 1087 650 1132 Sallustium,
689 1088 803 1125 oritur
825 1089 933 1138 juxta
968 1087 1056 1124 solis
1085 1086 1202 1124 aestivi
1231 1086 1312 1135 pul-

77 1156 170 1178 sum.
223 1141 339 1179 Idem.
927 1157 930 1160 ’

130 1196 173 1232 In
203 1194 385 1232 Flaminia
413 1201 468 1232 est
495 1194 638 1239 civitas,
667 1209 751 1244 quae
774 1194 861 1231 Cale
891 1194 1036 1239 dicitur,
1056 1200 1093 1231 et
1120 1194 1157 1230 in
1188 1192 1310 1229 Gallia

78 1249 148 1284 hoc
181 1249 351 1292 nomine3
389 1263 499 1299 quam
535 1248 732 1284 Sallustius
761 1247 782 1284 a
809 1248 1006 1298 Perpenna
1034 1254 1181 1296 captam
1209 1259 1309 1283 com-

78 1307 267 1339 memorat.
319 1302 438 1340 Idem.

133 1356 241 1392 Getae
261 1363 347 1392 sunt
371 1356 498 1405 Mysii,
528 1370 621 1405 quos
650 1355 846 1392 Sallustius
876 1354 898 1391 εὶ
928 1354 1087 1392 Lucullo
1117 1355 1205 1393 dicit
1233 1371 1311 1394 esse

79 1415 285 1457 superatos,
338 1409 456 1446 Idem.

132 1463 375 1513 Trojanorum
421 1470 584 1511 tempore
630 1461 918 1498 invadendarum
966 1467 1143 1499 terrarum
1196 1477 1312 1500 causu

79 1518 198 1553 fuerat
217 1517 415 1565 navigatio,
432 1515 485 1552 uti
504 1516 703 1552 Sallustius
722 1515 899 1552 meminit.
953 1515 1070 1553 Idem.

134 1570 312 1606 Curribus
341 1570 486 1606 falcatis
516 1583 603 1606 usos
632 1583 713 1606 esse
743 1569 927 1619 antiquOS,
956 1569 1083 1606 Livius
1112 1575 1148 1606 et
1175 1569 1314 1607 Sallus-

81 1623 153 1659 tius
174 1623 317 1660 docent.
369 1623 483 1660 Idem.

133 1675 247 1713 Vices
267 1676 473 1724 significant
492 1688 667 1725 pugnam,
695 1675 783 1725 quia
811 1689 876 1723 per
904 1675 1192 1712 vicissitudinem
1221 1690 1315 1727 pug-

82 1731 251 1775 nabatur,
269 1735 310 1766 ut
327 1729 444 1780 inquit
472 1729 680 1766 Sallustius.
732 1728 846 1765 Idem.

136 1784 246 1819 Creta
273 1783 392 1820 medio
415 1784 514 1833 jacet
541 1782 663 1819 insula
688 1787 816 1831 ponto,
843 1782 881 1818 id
908 1787 977 1827 est,
1005 1783 1206 1819 secundum
1235 1783 1316 1820 Sal-

81 1836 246 1877 lustium,
265 1837 395 1886 procul
413 1836 435 1873 a„
455 1836 665 1873 continenti.
720 1835 885 1872 Servius.

136 1890 260 1926 Primo
305 1903 430 1926 mense
464 1891 561 1927 veris
596 1889 731 1926 dicitur
765 1903 902 1926 novum
937 1902 1013 1930 ver,
1050 1890 1214 1926 secundo
1251 1904 1315 1926 ver

84 1943 261 1988 adultum,
306 1943 412 1980 tertio
457 1957 646 1993 praeceps:
695 1943 790 1979 sicut
835 1943 943 1979 etiam
984 1941 1182 1979 Sallustius
1227 1943 1315 1980 dicit

84 1997 234 2046 ubique,
253 2010 350 2033 novo
370 2002 495 2041 aestas,
514 1997 651 2039 adulta,
671 2010 850 2046 praeceps.
903 1995 1021 2031 Idem.

136 2049 332 2087 Sallustius
351 2051 386 2086 in
408 2049 583 2087 Historiis
610 2050 731 2095 tradit,
758 2048 960 2085 Sertorium
987 2048 1126 2085 victum
1154 2050 1314 2088 voluisse

85 2103 211 2151 sugere
231 2104 278 2139 ad
297 2103 436 2140 insulas
456 2103 687 2140 Fortunatas.
741 2101 882 2139 Acron.

138 2154 283 2192 Insulas
310 2158 532 2194 Fortunatas
557 2156 755 2194 Sallustius
781 2156 939 2207 inclytas
971 2169 1051 2192 esse
1081 2156 1131 2192 ait
1161 2154 1313 2196 Homeri

85 2209 317 2247 carminibus.
371 2210 537 2247 Servius.

139 2261 362 2300 Proxumum
398 2263 569 2302 dicebant
606 2270 761 2309 veteres,
796 2277 868 2300 nen
903 2262 1023 2299 solum
1055 2261 1247 2299 adhaerens
1278 2271 1314 2301 et
