1492 2531
153 133 207 172 24
637 134 920 174 SALLUSTII

153 249 238 273 cum
264 236 327 274 illo
358 236 481 287 gravis
509 237 719 275 inimicitias
744 239 990 276 exercebant:
1022 238 1125 285 Piso,
1152 243 1389 289 oppugnatus

153 290 191 326 in
222 291 362 340 judicio
395 291 686 340 repetundarum
723 299 874 341 propter
909 292 1101 342 cujusdam
1135 292 1391 340 Transpadani

153 343 375 392 supplicium
412 343 617 392 injustum;
653 343 825 390 Catulus,
860 359 907 382 ex
941 346 1116 394 petitione
1152 345 1391 395 pontificatus

154 397 239 434 odio
271 398 459 443 incensus,
489 395 602 446 quod,
630 398 796 435 extrema
828 404 948 444 aetate,
983 399 1160 434 maxumis
1191 398 1391 435 honoribus

106 448 110 450 ’
152 462 258 494 usus,
292 451 338 486 ab
376 450 652 488 adolescentulo
691 451 838 488 Caesare
874 452 994 488 victus
1031 451 1259 488 discesserat,
1315 452 1392 488 Res

110 551 112 553 ‚
152 509 277 540 autem
313 510 521 552 opportuna
565 504 782 549 videbatur3
823 502 926 554 quod
956 505 1010 550 is„
1036 503 1208 554 privatim
1243 504 1395 555 egregia

151 556 384 599 liberalitate,
416 556 569 606 publice
599 557 781 593 maxumis
811 558 1041 603 muneribus,
1076 558 1252 607 grandem
1282 571 1394 607 pecu-

152 609 250 646 niam
271 609 440 646 debebat.
497 610 572 648 Sed
593 611 657 647 ubi
687 610 878 647 consulem
908 611 956 647 ad
988 616 1131 647 tantum
1163 611 1304 647 facinus
1327 611 1394 647 im-

148 662 290 711 pellere
331 670 536 713 nequeunt,
577 663 662 713 ipsi,
708 663 922 713 singillatim
963 664 1239 709 circumeundo,
1283 669 1392 714 atque

152 716 384 753 ementiendo
418 730 502 766 quae
536 731 575 754 se
612 729 659 753 ex
699 716 890 753 Vulturtio
923 722 988 754 aut
1023 716 1294 767 Allobrogibus
1326 731 1395 754 au-

153 769 255 806 disse
277 770 453 813 dicerent,
485 783 659 820 magnam
684 769 738 806 illi
765 770 941 807 invidiam
972 770 1256 807 conflaverann
1273 783 1392 820 usque

152 822 259 866 adeo,
296 821 350 860 uti
382 822 547 861 nonnulli
576 823 719 873 equites
755 823 929 868 Romani,
958 823 1034 873 qui,
1068 824 1232 873 praesidii
1266 824 1394 869 causa,

153 889 238 912 cum
270 875 352 913 telis
385 882 489 913 erant
521 874 661 913 circum
694 876 813 913 aedem
850 877 1094 922 Concordiae3
1138 890 1202 913 seu
1237 877 1394 925 periculi

153 929 420 979 magnitudine,
453 943 516 967 seu
550 929 661 967 animi
691 929 896 966 mobilitate
927 930 1091 980 impulsi,
1121 928 1196 980 quo
1229 930 1393 966 studium

152 995 262 1019 suum
289 984 326 1020 in
357 983 622 1033 rempublicam
653 983 784 1020 clarius
815 988 936 1030 esset3
962 983 1166 1034 egredienti
1192 996 1238 1019 ex
1264 988 1393 1020 senatu

153 1036 291 1074 Caesari
323 1035 448 1086 gladio
478 1037 746 1074 minitarentur.
801 1037 902 1073 Dum
932 1036 1011 1074 haec
1045 1037 1082 1073 in
1114 1042 1245 1073 senatu
1281 1049 1395 1087 agun-

152 1095 212 1127 tur
223 1105 232 1136 ;
262 1095 300 1127 et
335 1090 422 1126 dum
450 1090 586 1141 legatis
623 1089 867 1139 Allobrogum
904 1095 940 1127 et
975 1090 1020 1127 T.
1056 1089 1263 1135 Vulturtio,
1291 1103 1395 1127 com-

151 1144 310 1193 probato
347 1156 475 1180 eorum
505 1144 656 1189 indicio,
689 1142 841 1193 praemia
876 1143 1147 1188 decernuntur3
1186 1142 1323 1188 liberti,
1358 1149 1395 1180 et

152 1197 263 1246 pauci
293 1201 330 1233 et
365 1195 561 1233 clientibus
602 1196 763 1241 Lentuli,
797 1196 950 1233 diversis
990 1196 1197 1242 itineribus,
1243 1196 1395 1244 opifices

153 1256 265 1301 atque
298 1250 447 1287 servitia
478 1250 515 1286 in
547 1250 639 1287 vicis
668 1250 716 1286 ad
745 1262 830 1287 eum
862 1249 1091 1299 eripiendum
1127 1248 1395 1286 sollicitabant:

153 1304 287 1353 partim
324 1303 566 1353 exquirebant
594 1303 710 1340 duces
742 1302 1032 1348 multitudinum,
1064 1303 1128 1352 qui
1152 1302 1272 1351 pretio
1303 1316 1398 1339 rem-

153 1357 341 1406 publicam
372 1370 506 1394 vexare
537 1356 635 1393 soliti
667 1362 781 1393 erant.
839 1355 1027 1406 Cethegus
1052 1363 1176 1392 autem
1206 1369 1274 1404 per
1304 1369 1397 1391 nun-

153 1411 229 1447 cios
249 1409 421 1447 familiam
447 1416 559 1461 atque
586 1409 740 1447 libertos
769 1422 870 1454 suos,
896 1408 1013 1446 lectos
1043 1415 1080 1445 et
1107 1409 1328 1446 exercitatos
1359 1409 1396 1445 in

153 1464 362 1507 audaciam,
388 1464 528 1509 orabat,
559 1462 626 1509 uti,
658 1476 771 1513 grege
804 1462 916 1507 facto,
942 1475 1026 1498 cum
1055 1462 1139 1499 telis
1168 1462 1216 1498 ad
1242 1475 1322 1499 sese
1351 1462 1398 1498 ir-

153 1522 381 1567 rumperent.
437 1516 594 1563 Consul,
629 1517 694 1553 ubi
730 1529 773 1552 ea
807 1515 928 1565 parari
968 1515 1156 1566 cognovit,
1208 1514 1398 1564 dispositis

154 1571 351 1621 praesidiis,
381 1569 435 1607 uti
467 1583 525 1607 res
563 1575 673 1621 atque
703 1575 850 1618 tempus
883 1570 1071 1615 monebat,
1099 1574 1303 1606 convocato
1339 1582 1397 1606 se-

153 1630 259 1669 natu,
288 1624 409 1669 refert,
441 1623 532 1675 quid
564 1623 609 1660 de
640 1623 696 1660 his
731 1623 810 1660 fieri
841 1621 1000 1671 placeat,
1031 1622 1095 1672 qui
1126 1622 1163 1658 in
1192 1621 1397 1659 custodiam

154 1677 279 1714 traditi
305 1682 419 1714 erant.
478 1677 553 1713 Sed
579 1690 643 1713 eos
671 1675 784 1725 paulo
811 1674 896 1712 ante
925 1675 1102 1726 frequens
1122 1680 1272 1712 senatus
1295 1676 1395 1726 judi-

155 1736 302 1768 caverat
342 1726 472 1767 co'ntra
515 1729 781 1780 rempublicam
821 1729 965 1766 fecisse.
1032 1728 1129 1765 Tum
1175 1728 1224 1766 D.
1263 1728 1396 1765 ,Iunius

153 1782 314 1829 Silanus,
354 1783 495 1833 primus
533 1783 751 1820 sententiam
793 1788 957 1832 rogatus,
998 1779 1099 1832 quod
1142 1795 1186 1818 eo
1230 1787 1396 1831 tempore

154 1836 286 1874 consul
303 1837 517 1886 designatus
536 1842 628 1881 erat,
655 1837 699 1873 de
727 1836 783 1873 his
810 1835 873 1887 qui
901 1836 937 1872 in
965 1835 1144 1872 custodiis
1163 1836 1397 1878 tenebantur,

155 1896 193 1927 et
220 1889 403 1940 praeterea
435 1890 480 1927 de
510 1890 553 1927 L.
591 1889 736 1934 Cassio,
772 1889 816 1928 P.
862 1888 990 1934 Furio,
1029 1888 1074 1925 P.
1117 1888 1320 1933 Umbreno,
1351 1888 1398 1932 Q.

154 1943 296 1990 Annio,
328 1944 359 1980 si
387 1943 606 1992 deprehensi
651 1943 784 1988 forent,
826 1941 1051 1992 supplicium
1087 1941 1308 1978 sumendum
1337 1941 1397 1978 de-

155 2002 344 2043 creverat3
386 1998 495 2047 isque
534 1995 681 2046 postea,
720 2000 911 2045 permotus
951 1996 1114 2032 oratione
1155 1995 1197 2032 C.
1227 1995 1397 2038 Caesaris,

154 2050 313 2100 pedibus
350 2050 386 2086 in
425 2050 643 2087 sententiam
674 2049 759 2086 Tib.
797 2048 958 2086 Neronis
995 2048 1131 2085 iturum
1163 2061 1203 2086 se
1232 2048 1398 2095 dixerat3

155 2102 258 2153 quod
291 2104 334 2139 de
367 2103 412 2139 ea
443 2117 495 2148 re,
527 2103 706 2151 praesidiis
737 2102 886 2146 additis,
921 2101 1160 2139 referundum
1190 2107 1397 2138 censuerat.

154 2156 229 2193 Sed
258 2157 395 2200 Caesar,
424 2156 488 2193 ubi
520 2157 567 2193 ad
596 2169 679 2192 eum
697 2161 848 2192 ventum
882 2160 952 2199 est,
979 2160 1133 2205 rogatus
1161 2154 1397 2201 sententiam,

156 2208 180 2247 ὁ,
197 2209 362 2254 consule,
377 2209 634 2260 hujuscemodi
649 2210 764 2246 verba
778 2208 926 2246 locutus
946 2213 1003 2245 est
1019 2224 1027 2245 :

209 2261 341 2300 Omnis
371 2261 551 2307 homines,
581 2262 633 2299 P.
660 2262 718 2306 0.,
737 2261 800 2312 qui
828 2262 871 2299 de
897 2259 1005 2298 rebus
1032 2258 1153 2298 dubiis
1180 2260 1396 2305 consultant,

156 2313 205 2353 ab
235 2316 332 2362 odio,
361 2313 544 2359 amicitiai,
584 2313 658 2360 iret,
697 2319 805 2365 atque
841 2311 1116 2357 misericordio'i,
1151 2327 1286 2352 vacuos
1321 2327 1397 2351 esse

155 2369 270 2409 decet.
327 2368 447 2407 Haud
460 2367 585 2418 facile}
614 2368 762 2407 animus
788 2381 917 2407 verum
942 2366 1133 2419 providet,
1161 2365 1226 2406 ubi
1255 2367 1321 2415 illa
1340 2368 1396 2418 os-
