1492 2531
140 84 213 123 142
647 83 923 122 SALLUSTII

134 190 362 239 adjunctum,
393 187 518 225 verum
548 187 659 224 etiam
689 188 801 238 longe
829 194 1023 234 remotum,
1061 189 1093 225 si
1125 194 1244 226 tamen
1281 190 1375 227 inter

135 244 208 281 duo
229 243 389 280 discreta
407 241 494 277 nihil
525 241 684 278 medium
715 243 927 278 exstitisset.
989 241 1126 294 Virgil.
1145 244 1240 281 AEn.
1256 246 1320 284 lib.
1340 260 1374 283 v.

240 296 459 333 Proxumus
477 293 575 335 huic,
592 294 702 345 longo
722 297 784 332 sed
795 308 999 346 proxumus
1017 296 1229 343 intervallo,

247 347 462 398 Insequitur
477 347 508 383 S
509 346 728 384 alius.—-—-

137 406 196 441 Ita
225 410 261 440 et
280 402 479 439 Sallustius
498 400 536 436 in
555 401 625 438 situ
656 402 780 444 Ponti,
809 402 852 438 de
880 406 1140 451 promontoriis
1168 407 1379 458 Paphlago-

137 472 237 500 num,
257 463 293 493 et
312 455 413 504 quod
431 457 524 504 Κρίε
542 456 706 504 μέτωπου
719 455 932 504 appellavit,
950 458 1089 505 posuit.
1145 459 1307 498 Nonius.

243 505 513 555 Interrogcsssti,
534 507 569 544 si
588 512 699 553 tenes,
720 507 893 544 llffoeoticz'

242 562 347 599 Situs
367 560 449 611 quis
469 565 564 597 esset
583 561 754 612 aequoris.
811 561 1032 599 Sallustium

240 614 392 652 Noram
412 614 452 651 id
468 614 624 660 dedisse,
645 615 751 651 dicta
771 620 806 651 et
825 615 902 665 ejus
922 615 1089 653 omnibus

246 668 513 719 Prcejudicatae
535 668 774 706 coactoricacz's
793 668 934 713 ducier,

245 723 335 760 lVon
355 720 568 758 obtinebam.
804 722 937 759 Festus
956 723 1134 762 Avienus.

256 778 395 814 Portus
414 775 460 810 ab
479 775 556 811 E·0'0
574 775 700 824 fluctu
717 780 895 812 curvatas
913 777 952 812 in
972 790 1115 814 arcum.

194 832 237 868 In
256 831 364 868 arcfis
385 828 673 865 similitudinem.
728 829 789 866 Sic
818 829 862 866 de
891 830 1013 866 Ponto
1041 830 1254 879 Sallustius,
1283 833 1381 869 unde

141 885 199 921 hic
236 884 319 922 tulit
352 882 525 927 colorem,
562 896 646 919 nam
692 883 853 932 speciem
895 883 1007 920 efficit
1051 882 1219 934 Scythici
1264 887 1383 922 arcus.

143 939 299 976 Servius
320 936 370 972 (cd
388 936 437 972 iii.
450 935 651 973 AEwze'idos.

613 989 731 1026 Freta
749 989 832 1026 lata
851 991 1024 1028 relucent.

144 1047 238 1084 Lata
257 1052 378 1083 autem
403 1045 498 1084 ideo,
518 1043 606 1092 quia
633 1056 671 1079 se
700 1043 880 1093 angustias
908 1043 1055 1080 Pontici
1083 1044 1156 1080 oris
1184 1043 1262 1083 illic
1292 1046 1383 1082 dila-

144 1107 238 1145 tant,
259 1099 312 1136 uti
332 1099 421 1136 dicit
440 1096 650 1135 Sallustius.
705 1095 870 1133 Servius.

198 1153 295 1190 Te'ia
323 1159 446 1190 autem
475 1151 576 1187 dictu
605 1155 660 1186 est
689 1149 711 1185 a
739 1149 849 1193 Te'io,
878 1149 1124 1187 Anacreontis
1152 1152 1279 1189 Poe'tae
1307 1153 1385 1202 Ly-

147 1207 212 1244 rici
241 1207 395 1256 oppido,
423 1205 522 1254 quod
550 1204 587 1239 in
620 1203 874 1253 Paphlagonia
902 1216 982 1239 esse
1010 1203 1208 1242 Sallustius
1236 1206 1386 1253 indicat,

147 1262 229 1298 cum
250 1261 295 1297 de
316 1260 388 1296 situ
407 1258 564 1295 Pontico
580 1256 757 1306 loquitur.
816 1256 1019 1294 comment.
1040 1257 1081 1293 in
1102 1257 1236 1297 Horat.

201 1312 318 1351 Porro
354 1312 567 1353 Sallustius,
602 1316 730 1346 auctor
766 1310 1015 1355 certissumus,
1048 1313 1192 1357 asserit,
1220 1312 1297 1350 tam
1326 1313 1390 1349 Ti-

149 1368 239 1418 gris,
278 1367 389 1417 quam
431 1364 642 1414 Euphratis,
679 1364 716 1400 in
756 1364 930 1400 Armenia
976 1364 1094 1401 sontes
1132 1366 1387 1404 demonstrari.

154 1420 310 1459 Hieron.
325 1420 367 1456 de
384 1418 475 1456 locis
494 1417 589 1454 Heb.

208 1474 302 1512 Cum
334 1473 439 1510 multi
473 1472 654 1508 evaserint
688 1470 891 1521 Trojanum
918 1470 1137 1520 periculum,
1164 1470 1220 1508 uti
1250 1471 1391 1522 Capys,

155 1529 219 1580 qui
256 1526 496 1576 Campaniam
533 1524 671 1569 tenuit3
708 1530 747 1560 ut
779 1523 961 1570 Helenus,
989 1525 1066 1574 qui,
1095 1530 1136 1561 ut
1164 1525 1240 1570 alii,
1268 1526 1391 1562 Sardi-

155 1584 267 1626 niam,
286 1580 491 1617 secundum
512 1578 740 1615 Sallustium.
795 1576 900 1614 Serv.

208 1634 453 1672 Sallustianus
475 1631 706 1681 Calpurnius.
758 1629 1015 1681 Hieronymus
1034 1631 1212 1669 adversz'cs
1229 1632 1323 1684 qus.

211 1687 453 1738 Calpurniani
473 1684 656 1734 discipuli.
707 1683 826 1728 Idem,
846 1683 997 1721 ibidem.

210 1741 353 1778 Tamen
397 1739 548 1789 vulgata
577 1739 655 1788 jam
690 1751 750 1774 res
797 1744 852 1774 est
887 1738 1078 1789 gentilium
1116 1741 1394 1788 proprietatum.

161 1796 302 1833 Comici
322 1794 494 1844 Phrygas
523 1792 670 1829 timidos
698 1790 868 1828 illudunt.
920 1790 1116 1828 Sallustius
1144 1806 1260 1829 vanos
1289 1793 1395 1829 Mau-

160 1863 220 1886 ros
249 1855 286 1885 et
313 1848 454 1884 feroces
482 1845 675 1883 Dalmatas
703 1844 837 1894 pulsat.
893 1844 1045 1882 Tertull.
1061 1845 1105 1882 de
1125 1844 1266 1883 animci.

214 1903 433 1938 sarcasmus
470 1899 683 1936 chleuasmo
718 1898 886 1946 proxima
920 1904 989 1943 est,
1024 1904 1061 1935 et
1099 1899 1228 1936 similis
1263 1899 1394 1948 figura,

162 1954 237 2005 qua
265 1953 560 1992 adversariorum
588 1951 697 1994 facta,
727 1965 810 1987 cum
840 1952 1120 1990 exacerbatione
1157 1952 1308 1989 admissi
1336 1966 1397 1989 eo-

162 2023 257 2054 rum,
284 2009 515 2044 lacessimus.
568 2005 619 2042 Ut
647 2005 746 2054 apud
773 2004 992 2041 Sallustium
1020 2006 1065 2042 de
1094 2005 1209 2042 Sullae
1237 2006 1396 2042 crudeli-

163 2070 250 2099 tate.
303 2061 355 2098 Ut
382 2061 419 2097 in
447 2060 502 2096 M.
519 2058 652 2101 Mario,
681 2057 764 2094 cum
793 2058 910 2095 fracta
937 2056 1040 2107 prius
1069 2072 1176 2095 crura
1201 2072 1269 2109 per
1296 2064 1397 2095 artus

166 2116 361 2165 expiraret.
414 2112 492 2149 Jul.
507 2111 738 2162 Rufinianus
757 2111 800 2148 de
819 2110 1019 2148 schematis
1037 2112 1162 2148 lexeos.

219 2166 514 2217 Mesopotameni
555 2165 721 2202 homines
766 2165 953 2202 effrenatae
997 2165 1170 2201 lubidinis
1217 2169 1314 2210 sunt,
1359 2170 1400 2201 ut

166 2221 363 2259 Sallustius
398 2219 575 2264 meminit,
607 2219 645 2255 in
681 2225 836 2269 utroque
873 2231 973 2256 sexu.
1039 2216 1179 2257 Glossae
1207 2219 1247 2255 in
1286 2217 1400 2255 Juve-

167 2275 303 2313 nalem.
