1492 2531
390 55 607 93 BELLUM
634 53 1039 92 JUGURTHINUM.
1279 55 1331 92 53

94 158 255 210 aliaque,
284 174 367 209 quae
399 158 500 195 bello
533 158 617 195 usui
646 158 777 201 forent,
812 159 1071 195 decernuntur.
1127 156 1178 194 At
1196 158 1329 208 Jugur-

96 214 171 256 tha,
205 218 332 249 contra
367 226 471 271 spem
508 212 641 248 nuncio
679 217 846 259 accepto,
884 209 1038 260 (quippe
1080 211 1153 256 cui,
1198 212 1330 249 Romae

97 267 220 303 onmia
251 266 388 308 venire,
417 265 454 301 iu
485 265 606 300 animo
630 265 813 316 haeserat,)
839 264 967 311 filium,
994 271 1031 302 et
1051 278 1135 301 cum
1161 278 1205 301 eo
1237 265 1330 301 duos

97 318 298 363 familiaris,
333 319 378 355 ad
426 324 594 354 senatum
657 318 778 368 legato
825 318 957 355 mittit:
1005 318 1137 368 iisque,
1170 324 1211 354 ut
1241 318 1330 362 illis,

98 386 204 421 quos,
255 371 471 435 Hiempsale
524 371 729 417 interfecto,
763 370 923 414 miserat,
973 371 1155 420 praecipit,
1212 370 1332 408 omnis

96 423 263 461 mortalis
297 425 454 473 pecunia
500 401 782 474 aggrediantur:
831 424 895 473 qui
937 424 1136 474 postquam
1173 424 1333 461 Romam

97 479 374 525 adventabant3
403 483 551 514 senatus
587 491 610 513 a
642 478 769 514 Bestia
797 477 987 514 consultus
1023 484 1091 521 est,
1122 477 1333 527 placeretne

97 531 242 581 legatos
275 509 470 580 Juguirthae
503 531 616 579 recipi
657 531 863 568 moenibus:
912 531 1010 580 iique
1045 532 1258 576 decrevere,
1295 531 1335 567 ni

98 599 253 634 regnum
285 585 483 634 ipsumque
515 585 680 621 deditum
701 585 902 629 venissent,
931 591 972 621 ut
990 585 1026 620 in
1052 585 1184 621 diebus
1203 599 1338 633 proxu-

100 639 168 675 mis
198 638 327 675 decem
352 638 454 675 ltalia
484 638 720 675 decederent.
778 637 916 674 Consul
951 638 1126 674 Numidis
1160 652 1205 674 ex
1231 652 1337 674 sena—

101 691 161 728 tus
194 692 340 728 decreto
374 691 539 727 nunciari
576 694 694 740 jubet.
747 691 816 733 Ita,
850 691 995 728 infectis
1031 692 1157 734 rebus,
1191 691 1244 727 illi
1276 692 1337 727 do-

100 758 202 781 mum
251 745 456 781 discedunt.
513 743 669 780 Interim
715 744 949 792 Calpurnius,
985 750 1113 793 parato
1160 745 1338 791 exercitu,

100 797 203 847 legat
231 798 303 834 sibi
323 798 486 834 homines
520 796 669 840 nobilis,
702 797 889 841 factiosos,
919 812 1073 846 quorum
1107 798 1339 843 anctoritate,

101 865 187 900 quae
207 851 432 899 deliquisset,
462 852 601 887 munita
621 851 698 888 fore
725 852 919 899 sperabat:
950 852 987 887 in
1021 850 1105 901 quis
1132 852 1201 887 fuit
1227 851 1340 888 Scau-

102 918 178 949 rus,
207 905 311 954 cujus
331 904 376 940 de
394 904 525 940 natura
543 910 579 941 et
602 904 730 941 habitu
753 903 866 952 supra
885 906 1182 941 memoravimus.
1238 904 1339 941 Nam

103 958 140 994 in
173 957 326 994 consule
361 964 487 994 nostro
519 957 643 994 multae
673 958 859 1007 bonaeque
897 964 993 995 artes
1014 958 1125 994 animi
1151 964 1188 995 et
1214 972 1342 1007 corpo-

103 1012 153 1047 ris
189 1017 315 1056 erant3
359 1024 452 1059 quas
504 1010 624 1047 omnis
668 1011 821 1046 avaritia
867 1013 1147 1060 przepediebat:
1195 1012 1341 1061 patiens

103 1064 287 1108 laborum,
320 1064 395 1099 acri
425 1064 589 1113 ingenio,
622 1062 713 1100 satis
742 1065 953 1112 providem,
986 1065 1073 1100 belli
1108 1064 1210 1101 haud
1240 1067 1344 1113 igna-

106 1131 184 1160 rus,
199 1117 445 1161 firmissimus,
466 1116 593 1153 contra
615 1117 779 1165 pericula
810 1123 846 1153 et
866 1118 1028 1155 insidias.
1081 1119 1157 1154 Sed
1175 1117 1340 1167 legiones

106 1184 172 1218 per
188 1170 332 1207 Italiam
363 1170 565 1219 Rhegium,
591 1176 702 1218 atque
723 1169 806 1206 inde
826 1171 1003 1214 Siciliam,
1030 1170 1139 1220 porro
1174 1185 1220 1208 ex
1252 1172 1345 1209 Sici-

106 1223 157 1260 lia
205 1224 241 1259 in
295 1223 459 1259 Africam
502 1228 734 1260 transvectae.
791 1224 912 1273 Igitur
962 1224 1202 1273 Calpurnius,
1239 1225 1343 1261 initio

108 1277 244 1325 paratis
283 1277 564 1321 commeatibus,
600 1274 734 1312 acriter
780 1276 996 1313 Numidiam
1034 1279 1225 1326 ingressus
1261 1284 1343 1319 est;

108 1329 320 1379 multosque
341 1328 521 1374 mortalis,
540 1334 576 1365 et
594 1328 697 1365 urbis
716 1328 858 1378 aliquot
877 1331 1077 1379 pugnando
1107 1332 1216 1380 cepit.
1272 1332 1348 1368 Sed

106 1383 292 1433 ¹Iugurtha
327 1396 395 1432 per
426 1381 570 1431 legatos
632 1383 791 1432 pecunia
825 1388 977 1427 tentare,
1021 1384 1197 1434 bellique,
1245 1386 1347 1435 quod

107 1436 401 1481 administrabat,
447 1436 683 1484 asperitatem
743 1438 950 1481 ostendere,
1005 1438 1142 1486 coepit3
1199 1439 1345 1475 animus

109 1503 208 1538 aeger
242 1490 397 1526 avaritia
429 1488 536 1525 facile
571 1502 771 1526 conversus
809 1495 876 1526 est.
932 1491 1120 1528 Caeterum
1153 1492 1278 1528 socius
1311 1497 1349 1528 et

110 1542 326 1580 administer
352 1543 517 1579 omnium
551 1543 789 1579 consiliorum
819 1544 1020 1581 assumitur
1052 1544 1240 1582 Scaurus·
1283 1546 1348 1593 qui

110 1596 254 1633 tametsi
275 1595 298 1632 εὶ
330 1596 524 1655 principio,
548 1595 737 1644 plerisque
772 1610 818 1633 ex
844 1597 1004 1634 factione
1038 1599 1118 1647 ejus
1151 1599 1349 1647 corruptis,

110 1648 306 1685 accerume
332 1662 456 1695 renem
484 1649 794 1699 impugnaverat,
840 1656 964 1688 tamen
996 1652 1249 1701 magnitudine
1285 1665 1350 1700 pe-

112 1702 232 1740 cuniae
253 1716 275 1738 a
292 1704 392 1739 bono
412 1702 671 1751 honestoque
663 1717 700 1739 in
730 1717 884 1752 pravum
911 1706 1120 1741 abstractus
1152 1710 1220 1741 est.
1275 1706 1349 1742 Sed

111 1755 297 1804 Jugurtha
329 1755 488 1804 primum
540 1755 795 1793 tantummodo
831 1757 919 1794 belli
955 1772 1092 1794 moram
1128 1759 1348 1801 redimebat,

112 1809 341 1845 existumans
369 1822 450 1845 sese
480 1809 621 1858 aliquid
639 1809 786 1847 interim
825 1811 955 1848 Romae
988 1812 1105 1861 pretio
1134 1818 1198 1848 aut
1229 1812 1349 1861 grati&

114 1862 355 1898 effecturum:
386 1861 517 1911 postea
545 1861 635 1899 vero
655 1862 768 1913 quam
802 1865 1020 1914 participem
1053 1864 1194 1915 negotii
1231 1867 1348 1902 Scau·

113 1929 197 1951 rum
232 1916 387 1964 accepit,
418 1915 455 1951 in
486 1929 695 1952 maxumam
731 1931 833 1965 spem
870 1918 1054 1955 adductus
1086 1919 1349 1967 recuperandae

116 1969 233 2016 pacis,
264 1969 390 2005 statuit
422 1981 506 2004 cum
534 1969 588 2005 eis
629 1970 672 2006 de
710 1970 882 2007 omnibus
915 1972 1150 2019 pactionibus
1183 1985 1350 2021 praesens

116 2035 244 2071 agere.
301 2021 487 2059 Caeterum
519 2022 672 2068 interea,
702 2024 788 2060 fidei
814 2024 941 2067 causa,
968 2025 1124 2062 mittitur
1150 2024 1172 2060 εὶ
1196 2026 1350 2062 consule

117 2075 266 2111 Sextius
302 2080 467 2124 quaestor
499 2075 535 2111 in
566 2076 744 2125 oppidum
777 2078 975 2127 Jugurthae
1012 2078 1198 2123 Vaccam3
1244 2080 1351 2127 cujus

117 2127 171 2163 rei
202 2130 346 2177 species
404 2133 484 2165 exat
530 2130 698 2177 acceptio
743 2130 930 2190 frumenti,
980 2132 1082 2181 qued
1127 2131 1353 2180 Calpurnius

120 2179 244 2228 palam
276 2181 410 2231 legatis
443 2182 710 2230 imperaverat:
740 2184 915 2232 quoniam
947 2185 1142 2221 deditionis
1172 2197 1275 2221 mora
1294 2186 1352 2221 in-

121 2233 241 2271 duciae
278 2235 525 2283 agitabhmtur
578 2235 700 2285 Igitur
731 2250 808 2282 rex,
845 2237 897 2273 uti
933 2238 1188 2281 constituerat,
1218 2238 1254 2274 in
1297 2252 1357 2274 ca·

122 2291 198 2322 stra
218 2287 332 2324 venit:
363 2302 404 2324 ac
425 2302 544 2337 pauca
569 2290 744 2338 praesenti
780 2290 934 2327 consilio
966 2291 1112 2328 locutos
1144 2291 1189 2327 de
1215 2291 1356 2329 invidia
