1492 2531
360 115 431 153 DE
468 111 768 152 REPUBLICA
804 111 1143 150 ORDINANDA.
1297 113 1371 151 147

134 221 323 258 voluntate
360 218 590 269 praedicent?
666 216 817 253 Scilicet
852 215 955 267 quod
990 230 1046 257 ea,
1082 230 1166 267 quae
1211 219 1373 255 externis

134 274 359 317 nationibus,
403 270 534 308 natura
585 270 771 315 hostibus,
825 283 966 320 nosque
1011 272 1245 320 majoresque
1291 285 1371 308 nos-

134 328 181 365 tri
227 326 329 376 saepe
369 324 548 368 tribuere,
588 337 633 361 ea
677 323 821 360 civibus
863 324 985 359 danda
1025 323 1205 369 arbitror3
1251 338 1370 374 neque

134 380 327 417 barbarico
363 378 450 423 ritu,
483 378 585 414 caede
623 377 776 421 caedem,
808 377 990 427 sanguine
1025 377 1244 426 sanguinem
1275 379 1375 427 expi-

134 434 282 470 andum.
355 432 417 468 An
453 431 530 475 illa,
567 444 649 480 quae
687 429 800 480 paulo
837 436 920 467 ante
958 430 1026 467 hoc
1062 430 1202 467 bellum
1234 431 1272 468 in
1302 433 1372 469 Cn.

136 486 359 535 Pompeium
393 485 660 534 victoriamque
689 483 879 533 Syllanam
908 484 1207 533 increpabantur,
1235 484 1373 522 oblivio

132 539 314 576 abstulit?
373 538 589 583 Domitium,
627 536 834 573 Carbonem
862 537 1033 582 Brutum,
1060 537 1153 574 alios
1182 538 1269 574 item
1298 553 1373 576 non

135 598 309 637 armatos,
333 605 454 642 neque
473 592 510 627 in
530 590 660 640 proelio
680 590 769 626 belli
791 592 887 641 jure,
916 590 983 627 sed
1009 590 1143 640 postea
1171 591 1375 641 supplices,

136 660 204 695 per
240 659 424 682 summum
458 644 581 681 scelus
626 644 864 681 interfectos:
911 643 1060 692 plebem
1095 644 1303 681 Romanam
1338 646 1375 682 in

136 699 226 736 villa
260 698 424 748 publica,
456 697 602 748 pecoris
647 697 772 743 modo,
812 697 1051 734 conscissam.
1104 698 1215 736 Heu!
1262 698 1376 749 quam

136 752 200 789 illa
227 751 373 789 occulta
401 752 536 789 civium
565 751 695 787 funera
721 756 757 787 et
784 750 986 799 repentinae
1010 750 1146 796 caedes,
1174 751 1212 787 in
1239 765 1375 801 paren-

136 811 215 842 tum
244 812 308 842 aut
343 805 543 842 liberorum
581 804 702 840 sinum
739 804 828 853 suga
858 803 1054 841 mulierum
1089 811 1126 841 et
1160 818 1375 853 puerorum,

136 859 292 896 vastatio
339 859 532 895 domorum
576 863 660 894 ante
704 863 846 908 partam
883 855 906 892 a
941 863 977 895 te
1012 857 1218 903 victoriam,
1255 861 1377 896 omnia

137 926 236 949 saeva
254 917 365 962 atque
385 911 550 949 crudelia
577 915 691 948 erant.
747 911 810 947 Ad
830 923 914 960 quae
942 916 978 948 te
1006 910 1059 948 illi
1084 911 1198 948 iidem
1226 912 1376 950 hortan-

137 971 218 1002 tur:
247 971 284 1002 et
315 965 458 1002 scilicet
488 965 526 1001 id
552 962 732 1001 certatum
762 977 858 1009 esse,
887 964 1002 1001 utrius
1029 964 1196 1002 vestrum
1225 967 1376 1003 arbitrio

136 1018 277 1070 injuriae
305 1019 458 1056 fierent:
496 1031 618 1066 neque
655 1022 854 1067 receptam,
892 1018 959 1054 sed
992 1023 1140 1066 captam
1169 1018 1191 1055 a
1218 1025 1255 1056 te
1284 1034 1381 1057 rem-

137 1072 350 1120 publicam:
396 1078 434 1108 et
479 1072 524 1108 ea
567 1070 681 1107 causa
722 1071 921 1114 exercitus,
954 1071 1148 1120 stipendiis
1186 1073 1377 1120 consectis,

138 1131 313 1174 optumos
342 1133 378 1162 et
404 1125 617 1162 veterrimos
647 1125 822 1170 omnium,
858 1124 1058 1162 advorsum
1086 1125 1216 1162 fratres
1244 1140 1376 1175 paren-

139 1184 283 1228 tesque,
302 1177 362 1215 alii
379 1178 531 1224 liberos,
559 1178 669 1214 armis
698 1177 943 1223 contendere3
972 1183 1014 1214 ut
1042 1191 1088 1214 ex
1116 1178 1243 1215 alienis
1271 1182 1378 1218 malis

139 1232 338 1269 deterrumi
365 1231 538 1269 mortales
566 1231 699 1275 ventri,
727 1237 839 1281 atque
867 1231 1062 1280 profundae
1089 1231 1246 1269 lubidini
1274 1247 1376 1272 sum-

139 1291 198 1322 tus
231 1290 463 1335 quaererent3
491 1290 603 1333 atque
630 1291 754 1321 essent
786 1285 985 1333 opprobria
1011 1286 1191 1331 victoriae,
1221 1301 1379 1336 quorum

141 1339 291 1389 flagitiis
320 1338 650 1375 commacularetur
677 1339 861 1374 bonorum
888 1338 980 1374 laus.
1051 1339 1187 1389 Neque
1217 1341 1314 1377 enim
1342 1349 1378 1381 te

138 1392 326 1441 praeterire
347 1398 451 1441 puto,
472 1391 573 1441 quali
598 1392 754 1441 quisque
783 1404 929 1428 erorum
948 1405 1064 1437 more,
1092 1398 1158 1429 aut
1182 1394 1380 1442 modestia,

139 1446 249 1482 etiarn
277 1451 355 1482 tum
383 1446 497 1481 dubia
514 1443 681 1491 victoria,
706 1458 786 1481 sese
806 1445 984 1495 gesserit:
1014 1445 1164 1496 quoque
1191 1448 1315 1493 modo,
1343 1451 1380 1487 in

139 1499 230 1536 belli
273 1498 602 1544 administratione,
651 1504 774 1535 scorta
818 1507 882 1536 aut
927 1499 1095 1535 convivia
1147 1502 1380 1540 exercuerint

141 1552 329 1598 nonnulli3
374 1565 531 1602 quorum
567 1556 670 1598 aetas,
714 1565 759 1588 ne
804 1566 873 1601 per
916 1552 1032 1589 otium
1075 1553 1240 1603 quidem,
1285 1556 1380 1594 tales

140 1606 350 1655 voluptates
370 1607 449 1642 sine
470 1606 652 1642 dedecore
680 1605 856 1654 attigerit.
908 1605 968 1642 De
988 1605 1085 1642 bello
1105 1605 1196 1644 satis
1225 1608 1379 1649 dictum.

142 1659 200 1696 De
227 1673 320 1708 pace
350 1659 531 1695 firmanda
558 1658 731 1708 quoniam
764 1664 877 1707 tuque
906 1665 943 1696 et
972 1673 1100 1696 omnes
1129 1660 1182 1696 tui
1209 1663 1380 1710 agitatis3

144 1713 300 1761 primum
350 1713 401 1757 id,
437 1725 580 1762 quaeSO,
619 1712 823 1757 considera,
860 1712 969 1759 quale
1014 1713 1052 1749 id
1101 1713 1160 1754 sit,
1214 1715 1260 1752 de
1305 1731 1377 1767 quo

142 1765 350 1802 consultas:
396 1766 448 1802 ita
481 1766 590 1802 bonis
636 1765 815 1814 malisque
854 1766 1011 1809 dimotis,
1054 1767 1195 1815 patenti
1232 1769 1292 1805 via
1331 1772 1379 1807 ad

143 1833 270 1856 verum
306 1833 453 1869 perges.
522 1818 606 1869 Ego
634 1819 687 1855 sic
704 1819 909 1865 existum03
949 1820 1123 1868 quoniam
1150 1826 1229 1858 orta
1257 1825 1379 1861 omnia

141 1873 337 1917 intereunt,
379 1871 453 1922 qua
487 1877 705 1921 tempestate
742 1872 825 1908 urbi
870 1872 1050 1909 Romanae
1085 1873 1204 1910 fatum
1248 1878 1380 1914 excidii

142 1926 362 1971 adventarit,
403 1927 502 1962 cives
541 1940 624 1962 cum
665 1925 808 1962 civibus
854 1939 986 1963 manus
1027 1933 1281 1967 conserturos:
1329 1932 1379 1969 ita

142 1980 307 2016 defessos
343 1985 380 2016 et
415 1992 620 2028 exsangues
654 1979 735 2029 regi
770 1984 834 2015 aut
868 1979 1008 2016 nationi
1045 1981 1182 2030 praedae
1219 1983 1377 2023 futuros.

142 2032 264 2070 Aliter
290 2046 365 2070 non
392 2034 491 2070 orbis
518 2037 712 2076 terrarum,
744 2046 864 2081 neque
897 2038 1041 2070 cunctae
1070 2040 1200 2083 gentes
1230 2039 1380 2088 conglo-

142 2087 254 2131 batae,
299 2099 447 2123 movere
488 2091 553 2122 aut
596 2086 824 2123 contundere
874 2092 1016 2136 queunt
1059 2086 1128 2123 hoc
1171 2089 1379 2139 imperium.

145 2139 341 2176 Firmanda
358 2140 473 2190 igitur
501 2143 586 2175 sunt
615 2139 823 2176 concordiae
850 2141 963 2184 bona,
990 2146 1027 2177 et
1058 2141 1254 2179 discordiae
1283 2146 1379 2183 mala

145 2193 370 2242 expellenda.
428 2192 474 2228 Id
500 2193 552 2229 ita
577 2193 732 2238 eveniet,
760 2193 791 2229 si
820 2199 1009 2229 sumtuum
1039 2199 1076 2230 et
1102 2196 1311 2243 rapinarum
1340 2199 1381 2236 li-

146 2246 302 2282 centiam
321 2246 521 2288 demseris3
550 2260 624 2282 non
646 2247 693 2282 ad
719 2252 846 2283 vetera
868 2247 1037 2283 instituta
1064 2260 1256 2297 revocans,
1284 2265 1380 2300 quae,

141 2299 218 2348 jam
235 2299 376 2348 pridem
395 2299 576 2348 corruptis
595 2299 773 2343 moribus,
799 2299 957 2337 ludibrio
986 2305 1093 2343 sunt;
1122 2303 1189 2339 sed
1218 2304 1248 2340 si
1276 2319 1378 2344 suam

148 2352 281 2403 cuique
301 2366 377 2391 rem
403 2352 619 2390 familiarem
646 2352 754 2389 finem
774 2359 961 2390 sumtuum
981 2354 1176 2402 statueris3
1206 2360 1379 2407 quoniam
