1492 2531
131 156 180 193 30
630 159 906 200 SALLUSTII

127 267 164 297 et
199 260 355 299 mollitia
396 263 519 309 animi,
563 264 656 301 alius
688 266 799 303 alium
849 273 1094 317 expectanteS,
1130 270 1362 316 cunctamini,

128 312 297 352 videlicet
342 316 413 353 diis
449 318 710 355 immortalibus
747 320 888 369 coifisi,
931 322 992 371 qui
1028 323 1119 359 lianc
1167 324 1359 372 rempubli-

125 380 203 404 cam
231 368 268 404 in
299 370 473 406 maxumis
508 368 603 419 saepe
639 373 812 420 periculis
849 373 1053 412 serva-cere.
1124 373 1212 412 Non
1251 378 1357 421 votis,

125 434 237 469 neque
282 423 467 471 suppliciis
503 423 747 469 muliebribus,
781 427 921 464 auxilia
967 429 1113 466 deorum
1150 434 1356 478 parantur:

124 474 325 521 vigilanda,
361 477 514 525 agenda,
552 474 634 514 bene
671 480 895 525 consulendo,
928 481 1104 530 prospere
1140 483 1257 519 omnia
1299 496 1356 519 ce-

125 528 224 563 dunt.
292 527 361 565 Ubi
402 530 577 566 socordiae
627 536 700 567 tete
756 538 864 581 atque
924 534 1080 583 ignaviae
1145 535 1355 579 tradideris,

123 580 353 629 nequicquam
385 582 472 619 deos
501 584 697 630 implores:
728 585 820 622 irati
858 587 1056 637 infe-sitque
1091 595 1192 624 sunt.
1240 585 1355 636 Apud

125 635 284 681 majores
319 641 478 679 nostros,
523 635 572 673 A.
614 635 786 674 Manlius
821 637 1025 689 Torquatus
1073 642 1160 678 bello
1212 639 1356 678 Gallico

124 687 239 727 filium
269 701 384 734 suum,
422 687 518 738 qubd
552 691 584 727 is
617 698 748 728 contra
792 691 981 741 imperium
1020 694 1058 730 in
1090 694 1224 731 hostem
1260 707 1355 744 pug-

125 747 292 786 naverat,
329 743 453 779 necari
470 744 620 792 jussit3
665 750 773 793 atque
826 745 887 782 ille
943 747 1113 796 egregius
1150 747 1358 784 aa'olescens

123 794 365 832 immoderatae
385 794 626 842 fortitudinis
685 810 799 834 morse
847 811 974 847 poenas
1021 801 1129 837 dedit.
1182 799 1270 844 Vos,
1314 801 1356 837 de

123 846 387 886 crudelissumis
419 850 618 897 parricidis
654 851 742 901 quid
785 853 977 896 statuatiS,
1015 853 1263 891 cunctamini?
1305 855 1357 890 *ci-

124 900 254 938 delicet
292 903 370 939 ‘cita
405 909 541 941 caetera
576 917 696 941 eorum
739 904 821 945 lzuic
855 906 982 943 sceleri
1016 907 1149 943 obstat.
1223 904 1355 944 Vericm

118 955 264 1005 parcite
296 956 472 1005 dignitati
516 955 682 1001 Lentuli,
732 957 763 992 si
812 962 888 1010 ipse
932 960 1137 1009 pudicitiae,
1183 960 1216 997 si
1233 959 1356 1009 famoe

121 1021 206 1053 suae,
243 1009 277 1046 si
313 1010 394 1053 diis,
433 1016 497 1047 aut
533 1010 730 1048 bominibus
763 1026 926 1064 umquam
954 1013 1036 1050 ullis
1053 1014 1226 1062 pepercit.
1289 1011 1356 1062 Ig-

118 1062 254 1100 noscite
308 1061 464 1113 Cethegi
501 1063 767 1110 aclolescentiae,
816 1066 888 1103 nisi
939 1066 1070 1103 iterum
1095 1068 1181 1115 jam
1217 1066 1355 1115 patrioe

122 1116 249 1153 bellum
276 1115 389 1165 fecit.
443 1117 544 1154 Nam
573 1117 660 1165 quid
694 1132 760 1169 ego
799 1121 841 1157 de
871 1118 1045 1161 Gabinio,
1080 1118 1246 1165 Statilio,
1288 1118 1356 1156 Ce-

115 1168 226 1219 pario
263 1169 420 1220 loquar?
469 1170 593 1220 quibus
632 1171 663 1207 si
711 1173 903 1222 quidquam
940 1173 1041 1220 pensi
1078 1185 1232 1221 unquam
1251 1172 1355 1222 suis-

120 1231 187 1267 set,
225 1236 296 1260 non
325 1236 366 1260 ea
402 1224 553 1261 consilia
590 1224 631 1261 de
667 1224 853 1275 republica
889 1225 1105 1262 habuissent.
1140 1223 1354 1270 Postremo,

121 1276 170 1313 P.
209 1276 267 1321 0.,
295 1278 329 1313 si
358 1274 554 1314 mehercule
603 1284 752 1326 peccato
786 1280 886 1316 locus
922 1284 1028 1322 esset,
1047 1277 1169 1328 facile
1202 1284 1352 1328 paterer

121 1344 184 1369 *cos
231 1327 315 1379 ipsc‘i
354 1344 393 1368 re
429 1330 578 1379 corrigi,
628 1333 795 1380 quoniam
827 1330 934 1369 verba
970 1332 1208 1368 contemnitis.
1274 1331 1354 1369 ,Sed

119 1385 274 1434 undique
320 1384 552 1421 circumventi
586 1398 732 1421 sumus:
766 1384 930 1422 Catilina
961 1397 1039 1421 cum
1075 1384 1236 1421 exercitu
1256 1384 1354 1430 fau-

122 1439 221 1475 cibus
254 1445 386 1487 urget:
419 1437 483 1474 alii
513 1437 614 1475 intra
646 1439 773 1475 moenia
809 1444 917 1487 atque
952 1438 988 1474 in
1026 1438 1106 1478 sinu
1143 1437 1240 1474 urbis
1269 1445 1354 1474 sunt

121 1494 252 1530 hostes.
309 1489 438 1542 Neque
480 1492 620 1539 parari,
657 1505 771 1540 neque
808 1491 954 1536 consuli,
993 1491 1183 1540 quidquam
1217 1488 1354 1528 occult&

118 1551 257 1596 potest:
295 1541 364 1595 quo
419 1541 538 1594 magis
582 1546 848 1593 properandum
887 1550 955 1581 est.
1011 1543 1134 1590 Quare
1180 1543 1233 1580 ita
1286 1557 1353 1593 ego

121 1612 255 1638 censeo.
325 1596 415 1635 Ciam
452 1598 596 1648 nefario
633 1599 786 1634 consilio
822 1599 1078 1635 sceleratorum
1108 1597 1239 1634 civium
1279 1609 1354 1633 res-

118 1655 266 1703 publica
301 1652 338 1690 in
376 1665 540 1688 maxuma
573 1652 741 1700 pericula
778 1651 944 1694 venerim
981 1651 1099 1700 bique,
1142 1650 1274 1686 indicio
1311 1649 1352 1686 T.

126 1707 308 1746 Vulturtii
345 1711 381 1742 et
414 1706 617 1755 legatorum
650 1702 903 1754 Allobrogum,
934 1704 1090 1741 com-icti
1127 1702 1352 1753 confessique

120 1763 205 1804 sint,
243 1761 384 1801 caedem,
433 1758 609 1801 incendia,
647 1758 788 1807 aliaque
807 1757 919 1806 foecla
955 1762 1062 1806 atque
1098 1757 1259 1793 crudelia
1281 1756 1351 1805 fo-

120 1827 244 1853 cinora
268 1815 305 1850 in
337 1811 426 1850 civis
441 1811 669 1860 patriamque
699 1813 887 1858 paravisse
901 1824 917 1856 ;
952 1811 994 1846 de
1024 1810 1211 1858 confessis,
1242 1810 1352 1846 sicuti

121 1870 162 1905 cie
182 1867 389 1915 manifestis
414 1878 532 1903 rerum
550 1864 773 1913 capitalium,
802 1877 898 1901 more
928 1861 1119 1912 majorzlm,
1138 1862 1351 1911 supplicium

119 1922 334 1959 sumendum.

174 1971 381 2023 Postquam
430 1971 525 2008 Cato
555 1969 714 2016 assedit3
759 1968 972 2006 consulares
1009 1982 1150 2014 omnes,
1183 1967 1348 2017 itemque

119 2028 270 2065 senatfis
303 2039 439 2076 magna
471 2037 573 2074 pars,
608 2023 830 2060 sententiam
865 2024 945 2073 ejus
973 2022 1139 2064 laudant,
1174 2020 1348 2058 virtutem

120 2081 232 2119 animi
264 2080 311 2116 ad
347 2078 482 2116 coelum
518 2078 661 2114 ferunt:
709 2075 773 2112 alii
808 2076 900 2113 alios
932 2076 1165 2124 increpantes
1202 2074 1348 2111 timidos

119 2139 274 2172 vocant:
306 2133 399 2170 Cato
436 2131 557 2168 clarus
590 2136 700 2180 atque
736 2143 894 2180 magnus
926 2129 1105 2166 habetur:
1137 2126 1258 2167 senati
1288 2130 1350 2163 de-

119 2193 261 2226 cretum
286 2186 339 2231 fit,
359 2186 455 2222 sicut
481 2184 543 2221 ille
563 2187 768 2221 censuerat.
820 2183 896 2219 Sed
922 2182 1023 2226 mihi,
1048 2181 1165 2218 multa
1194 2180 1350 2229 legenti,

120 2241 237 2279 multa
254 2239 429 2283 audienti,
463 2251 546 2287 quae
579 2236 738 2286 populus
769 2236 960 2273 Romanus
988 2233 1088 2271 domi
1119 2233 1348 2284 militiaeque,

119 2294 211 2332 mari
245 2299 355 2344 atque
391 2291 501 2333 terra,
537 2289 716 2340 praeclara
745 2290 911 2326 facinora
944 2288 1046 2332 feeit,
1094 2286 1202 2325 forte'
1228 2286 1349 2324 lubuit

119 2347 325 2394 attendere,
352 2358 437 2395 quae
473 2357 533 2380 res
569 2341 743 2380 maxume,
779 2348 881 2379 tanta
918 2341 1069 2391 negotia
1097 2340 1346 2378 sustinuisset.

117 2402 304 2447 Sciebam,
339 2395 594 2448 saepenumero
622 2396 739 2447 parva
765 2409 876 2433 manu
909 2408 993 2432 cum
1022 2394 1167 2444 magnis
1193 2393 1347 2443 legioni-
