1492 2531
136 73 149 109 l
159 73 208 111 28
633 73 907 113 SALLUSTII

132 177 277 213 medem
294 176 395 214 bello
425 176 704 223 lacessiverunt,
731 178 881 215 sceleris
911 192 1038 216 eorum
1058 179 1155 217 haud
1173 179 1358 230 ignarum,

132 235 169 266 et
205 244 264 272 ea,
294 243 377 280 quae
413 231 594 274 accidere,
640 237 812 269 testatum
857 231 979 279 antea,
1026 232 1224 271 Cretenses
1256 234 1355 271 solos

134 283 296 320 omnium
332 284 467 320 liberos
505 284 550 320 ea
584 290 817 334 tempestate,
851 291 888 322 et
934 300 1062 336 regem
1099 287 1354 325 Ptolemaeum.

132 336 257 386 Atque
287 350 371 386 egb,
393 336 489 374 ultus
521 336 690 386 injurias,
722 337 969 376 Nicomedem
999 338 1175 389 Bithynia
1202 340 1355 389 expuli;

133 389 339 440 Asiamque
359 389 518 436 spolium
535 391 634 441 regis
652 390 826 428 Antiochi
838 393 977 441 recepi,
990 398 1025 429 et
1044 392 1201 430 Graeciae
1212 393 1354 442 dempsi

131 456 243 492 grave
273 444 473 480 servitium.
527 443 685 493 Incepta
709 458 791 481 mea
822 450 1032 493 postremus
1061 459 1250 483 servorum
1285 447 1355 483 Ar-

132 496 297 540 chelauS,
317 497 480 534 exercitu
501 498 661 546 prodito,
690 497 902 547 impedivit:
932 498 1074 548 illique,
1093 513 1186 548 quos
1205 499 1353 550 ignavia

133 556 195 587 aut
213 564 328 599 prava
357 549 554 596 calliditas,
572 550 628 587 uti
655 552 744 588 meis
762 550 954 588 loboribus
983 552 1053 588 tuti
1080 558 1216 596 essent,
1245 553 1354 589 armis

132 604 322 647 abstinuit,
341 604 613 640 acerbissumas
642 617 770 653 poenas
800 604 960 642 solvunt.
1016 604 1239 642 Ptolemaeus
1268 619 1353 655 pre-

133 657 189 693 cio
210 657 306 693 diem
332 656 422 694 belli
450 657 620 706 prolatat,
675 658 883 703 Cretenses,
900 658 1108 708 impugnati
1127 658 1240 695 semel
1262 659 1354 709 jam,

130 724 252 760 neque
288 710 398 747 finem
431 711 502 747 nisi
530 711 673 748 excidio
703 711 876 748 habituri.
932 711 1116 761 Equidem
1153 709 1237 748 cum
1268 712 1354 749 mihi

132 764 179 800 ob
198 764 362 812 ipsorum
376 764 521 801 interna
539 764 636 800 mala
655 763 767 800 dilata
790 763 921 813 proelia
938 764 1072 815 magis,
1092 763 1204 814 quam
1223 778 1352 814 pacem

130 816 266 863 datam,
308 817 575 867 intelligerem;
611 818 796 854 abnuente
844 816 1019 867 Tigrane,
1056 819 1118 868 qui
1143 832 1226 855 mea
1256 818 1352 855 dicta

130 869 214 906 sero
249 871 397 920 probat,
428 876 464 907 te
493 876 634 908 remoto
671 870 814 920 procul,
850 870 1021 908 omuibus
1055 871 1137 908 aliis
1174 871 1354 915 obnoxiis,

129 924 256 960 rursus
285 930 408 961 tamen
446 924 586 960 bellum
610 925 727 973 coepi:
758 923 1001 974 Marcumque
1038 925 1184 962 Cottam
1216 924 1354 961 Roma-

129 991 217 1013 num
254 978 387 1014 ducem
427 978 527 1026 apud
565 977 800 1014 Chalcedona
840 978 938 1014 terra
972 977 1076 1024 fudi3
1118 976 1209 1014 mari
1247 979 1351 1014 exsui

129 1030 247 1067 classe
276 1030 548 1080 pulcherruma.
603 1030 718 1078 Apud
752 1029 930 1079 Cyzicum
963 1044 1098 1080 magno
1131 1045 1213 1067 cum
1247 1045 1351 1068 exer-

129 1084 203 1120 citu
221 1084 259 1121 in
284 1084 476 1122 obsidione
495 1083 652 1120 moranti
684 1084 904 1120 frumentum
933 1083 1064 1130 defuit,
1092 1082 1192 1121 nullo
1211 1084 1350 1120 circum

129 1138 342 1183 adnitente3
373 1137 482 1173 simul
516 1137 649 1186 hyems
684 1134 776 1173 mari
812 1136 1044 1185 prohibebat.
1095 1136 1167 1182 Ita,
1202 1138 1280 1174 sine
1316 1138 1352 1173 vi

128 1190 290 1227 hostium
325 1191 472 1241 regredi
500 1196 651 1227 coactus
681 1190 718 1226 in
754 1190 912 1239 patrium
948 1203 1115 1240 regnum,
1147 1190 1351 1240 naufragiis

127 1245 228 1293 apud
247 1244 381 1280 Param
397 1250 432 1281 et
454 1243 688 1289 Heracleam,
706 1243 863 1280 militum
882 1248 1053 1293 optumos
1067 1257 1151 1280 cum
1169 1243 1352 1280 elassibus

128 1298 243 1334 amisi.
297 1297 487 1334 Restituto
512 1296 647 1333 deinde
676 1297 776 1346 apud
806 1297 942 1333 cabira
973 1297 1151 1342 exercitu,
1177 1303 1213 1333 et
1240 1297 1351 1333 variis

128 1351 224 1387 inter
250 1365 310 1387 me
347 1355 458 1400 atque
493 1350 691 1386 Lucullum
723 1349 876 1399 proeliis,
907 1350 1032 1399 inopia
1061 1350 1188 1386 rursus
1223 1351 1351 1387 ambos

126 1404 291 1442 incessit.
321 1404 381 1440 Illi
410 1404 561 1440 suberat
578 1416 732 1453 regnum
752 1403 1013 1439 Ariobarzanis
1031 1402 1130 1440 bello
1148 1403 1324 1439 intactum
1343 1420 1350 1439 ε

127 1471 211 1507 eg0,
239 1458 390 1494 vastatis
427 1456 566 1493 circum
599 1457 770 1493 omnibus
802 1456 906 1502 locis,
938 1456 975 1492 in
1011 1455 1227 1493 Armeniam
1260 1470 1348 1493 con-

126 1512 222 1548 cessi
238 1528 245 1549 :
277 1510 470 1560 secutique
490 1510 662 1556 Romani,
680 1524 754 1546 non
771 1524 841 1553 me,
862 1510 929 1546 sed
947 1523 1085 1547 morem
1102 1523 1209 1546 suum
1229 1511 1349 1546 omnia

124 1578 242 1615 regna
267 1564 528 1608 subvertendi3
558 1564 646 1613 quia
676 1562 946 1600 multitudinem
985 1563 1073 1600 artis
1101 1562 1193 1599 locis
1223 1562 1346 1613 pugna

124 1618 363 1667 prohibuere,
379 1617 663 1666 imprudentiam
682 1616 854 1666 Tigranis
884 1630 952 1665 pro
981 1616 1134 1652 victoria
1152 1620 1349 1653 ostentant.

124 1671 239 1708 Nunc
267 1685 395 1720 quaeso
421 1671 629 1716 considera,
656 1671 764 1706 nobis
795 1669 982 1719 oppressis
1000 1670 1121 1706 utrum
1150 1670 1346 1706 firmiorem

125 1731 161 1762 te
192 1725 241 1761 ad
266 1725 525 1768 resistendum,
550 1724 598 1760 ad
621 1724 733 1760 finem
761 1723 846 1760 belli
877 1723 1040 1759 futurum
1067 1724 1207 1771 putes?
1261 1723 1345 1760 Scio

125 1778 297 1827 equidem
332 1778 400 1814 tibi
430 1791 584 1827 magnas
617 1790 722 1826 opes,
751 1776 927 1822 virorum,
962 1790 1161 1821 armorum,
1196 1781 1232 1812 et
1267 1777 1346 1812 auri

125 1846 229 1869 esse:
260 1837 309 1878 et,
328 1830 373 1869 ea
394 1844 433 1867 re
458 1830 481 1866 a
511 1830 617 1867 nobis
643 1830 690 1866 ad
710 1829 937 1875 societatem,
955 1831 1002 1866 ab
1029 1829 1101 1866 illis
1120 1830 1168 1866 ad
1184 1829 1344 1878 praedam

123 1885 271 1934 peteris.
329 1884 517 1921 Caeterum
546 1883 739 1920 consilium
770 1888 826 1920 est
843 1882 1027 1931 Tigranis,
1043 1897 1160 1932 regno
1188 1883 1345 1930 integro,

124 1939 217 1975 meis
236 1937 412 1975 militibus
444 1937 532 1974 belli
563 1936 824 1986 prudentibus,
842 1935 971 1984 procul
999 1937 1045 1973 ab
1078 1937 1202 1981 demo,
1227 1948 1343 1984 parvo

121 1992 263 2038 labore,
299 2005 367 2041 per
401 1996 527 2028 nostra
562 2003 718 2039 corpora
760 1989 897 2026 bellum
944 1989 1147 2026 conficere:
1194 1989 1342 2037 quando

120 2059 242 2094 neque
268 2045 429 2090 vincere,
460 2057 580 2092 neque
610 2043 707 2080 vinci
735 2042 814 2079 sine
850 2048 912 2079 tuo
939 2042 1104 2092 periculo
1132 2055 1340 2091 possumus.

121 2098 181 2135 An
210 2098 372 2148 ignoras,
404 2097 607 2142 Romanos,
626 2095 822 2145 postquam
850 2096 898 2132 ad
925 2096 1154 2132 occidentem
1184 2108 1342 2144 pergen-

121 2152 221 2188 tibus
254 2152 363 2188 finem
397 2151 570 2187 Oceanus
588 2149 690 2194 fecit,
716 2163 817 2185 arma
839 2149 912 2185 huc
942 2148 1191 2194 convertisse3
1221 2161 1340 2196 neque

121 2205 321 2255 quicquam
353 2202 375 2240 a
406 2203 588 2252 principio
619 2202 688 2238 nisi
715 2207 862 2250 raptum
889 2202 1040 2246 habere,
1072 2202 1235 2245 domum,
1260 2215 1343 2237 con—

113 2259 239 2308 juges,
259 2271 382 2309 agros,
410 2257 629 2305 imperium3
658 2268 856 2299 convenas,
887 2255 973 2291 olim
1005 2254 1084 2291 sine
1098 2254 1233 2303 patria,
1261 2254 1339 2291 sine

118 2313 347 2359 parentibus,
378 2317 482 2360 peste
513 2309 680 2347 conditos
713 2306 813 2345 orbis
851 2308 1059 2345 terrarum?
1096 2308 1232 2357 quibus
1266 2321 1339 2343 non
