1492 2531
144 70 195 108 72
628 69 905 108 SALLUSTII

144 173 356 211 amicitiam,
393 186 533 222 perque
559 172 841 221 rempublicam,
878 174 1061 219 obsecrat,
1087 173 1135 210 ne
1161 188 1270 223 quam
1299 189 1383 212 eon-

144 226 333 263 tumeliam
364 240 553 263 remanere
576 226 613 262 in
642 226 805 262 exercitu
831 226 984 270 victore,
1020 227 1114 265 neve
1144 228 1269 266 hostes
1288 229 1383 266 inul-

145 286 203 317 tos
223 280 339 325 abire,
353 279 460 316 sinat.
518 278 587 316 Ille
611 277 717 316 brevi
753 280 930 316 mandata
948 281 1070 317 efficit.
1112 281 1165 318 At
1183 281 1382 331 Jugurtha,

146 333 376 370 munimento
405 338 611 369 castrorum
651 332 864 381 impeditus,
894 331 979 369 eum
1008 334 1067 370 alii
1100 349 1212 384 super
1242 334 1381 371 vallum

146 387 480 436 praecipitarentur,
513 385 584 428 ,alii
618 385 656 421 in
691 386 874 435 angustiis
910 386 978 434 ipsi
1023 387 1094 424 sibi
1142 394 1381 438 properantes

147 441 349 481 officerent,
381 438 507 475 multis
555 438 712 484 amissis,
746 439 783 474 in
826 438 909 475 loca
940 440 1079 476 munita
1115 455 1197 478 sese
1240 442 1382 491 recipit.

146 493 336 538 Metellus,
371 492 507 528 infecto
543 492 706 541 negotio,
735 491 935 541 postquam
966 505 1041 528 nox
1077 494 1216 540 aderat,
1251 495 1288 531 in
1326 509 1383 531 ca-

147 552 223 583 stra
259 559 343 582 cum
371 546 535 582 exercitu
571 545 780 582 revortitur.
833 545 956 594 Igitur
986 552 1135 594 postero
1172 547 1244 592 die,
1280 548 1382 597 prius

147 599 260 648 quam
287 598 334 635 ad
362 598 653 649 oppugnandum
681 599 931 647 egrederetur,
952 601 1156 647 equitatum
1172 614 1319 637 omnem
1345 602 1384 637 in

147 653 193 689 ea
218 658 336 702 parte,
352 651 427 701 qua
456 652 556 702 regis
589 653 768 688 adventus
791 656 881 697 erat,
910 666 977 700 pro
997 654 1127 690 castris
1155 654 1296 703 agitare
1321 655 1382 704 ju-

145 707 230 743 bet:
274 712 414 754 portaS,
445 712 481 743 et
524 719 706 755 proxuma
744 705 841 751 loca,
879 705 1035 741 tribunis
1078 707 1266 756 dispertit:
1299 707 1384 743 dein

145 759 225 808 ipse
241 760 361 808 pergit
393 760 440 795 ad
466 759 669 808 oppidum3
697 764 823 807 atque,
842 758 896 794 uti
924 759 1115 808 superiore
1145 761 1218 804 die,
1237 774 1384 797 murum

147 813 374 863 aggreditur.
427 811 582 849 Interim
615 812 800 862 Jugurtha
829 825 873 847 ex
894 812 1040 848 occulto
1067 813 1219 862 repente
1237 819 1383 850 nostros

146 866 298 902 invadit.
370 865 446 908 Qui
492 866 528 901 in
569 866 687 914 primo
723 865 834 901 locati
865 866 1011 902 fuerant
1043 867 1234 916 paulisper
1270 867 1385 904 territi

147 921 430 968 perturbantur:
470 919 604 967 reliqui
653 918 726 956 cito
779 918 1015 955 subveniunt.
1069 920 1205 970 Neque
1245 920 1383 957 diutius

148 973 326 1009 Numidae
361 974 532 1010 resistere
570 972 786 1020 quivissent,
823 970 862 1007 ni
890 972 1049 1020 pedites,
1079 987 1163 1009 cum
1195 975 1384 1023 equitibus

145 1026 331 1074 permixti,
366 1039 538 1076 magnem
561 1025 704 1061 cladem
735 1026 773 1061 in
800 1038 1001 1074 congressu
1031 1027 1217 1063 facerent:
1248 1028 1384 1076 quibus

147 1079 200 1115 illi
231 1080 327 1125 freti,
373 1093 460 1124 non,
492 1084 533 1115 ut
565 1079 728 1126 equestri
761 1077 891 1127 proelio
929 1077 1034 1124 solet,
1066 1081 1184 1128 sequi,
1217 1080 1302 1117 dein
1327 1095 1386 1118 ce-

148 1134 257 1178 dere3
287 1133 353 1169 sed
389 1132 557 1169 advorsis
586 1132 692 1181 equis
729 1144 960 1176 concurrere,
992 1132 1196 1180 implicare,
1228 1147 1270 1169 ac
1298 1147 1385 1182 per-

148 1188 298 1223 turbare
333 1186 472 1223 aciem:
504 1186 567 1228 ita,
600 1185 783 1233 expeditis
815 1185 1004 1234 peditibus
1026 1186 1111 1231 seis,
1136 1185 1252 1223 hostis
1288 1188 1385 1235 pene

147 1241 264 1277 victos
302 1240 402 1277 dare.
475 1239 619 1275 Eodem
655 1246 820 1286 tempore
857 1238 957 1287 apud
999 1239 1150 1275 Zamam
1180 1241 1318 1290 magna
1349 1241 1386 1278 vi

147 1295 366 1329 certabatur.
421 1292 495 1329 Ubi
532 1292 691 1341 quisque
722 1291 882 1340 legatus,
915 1297 979 1327 aut
1014 1292 1184 1329 tribunus
1219 1295 1386 1338 curabat,

147 1345 192 1382 eo
216 1345 406 1383 acerrume
425 1345 516 1391 niti;
546 1359 664 1394 neque
683 1345 776 1381 alius
796 1345 832 1380 in
858 1345 928 1380 alio
948 1344 1083 1394 magis,
1104 1345 1214 1395 quam
1234 1346 1272 1382 in
1291 1361 1385 1393 sese,

146 1413 251 1448 spem
266 1400 426 1436 habere:
458 1399 667 1447 pariterque
687 1398 863 1447 oppidani
893 1411 1017 1447 agere,
1042 1412 1225 1448 pugnare,
1243 1405 1305 1436 aut
1323 1414 1387 1449 pa-

147 1466 225 1489 rare
255 1453 425 1489 omnibus
461 1452 569 1488 locis:
600 1452 745 1489 avidius
776 1452 882 1488 alteri
912 1452 1046 1488 alteros
1077 1454 1256 1496 sauciare,
1276 1456 1386 1502 quam

147 1512 264 1543 semet
282 1512 423 1555 tegere.
481 1506 631 1542 Clamor
658 1505 862 1554 permixtus
894 1504 1115 1551 hortatione,
1145 1505 1290 1552 laetitia,
1318 1521 1384 1557 ge-

146 1560 254 1604 mitu,
308 1560 397 1596 item
434 1559 611 1608 strepitus
648 1571 846 1604 armorum,
896 1558 944 1594 ad
991 1558 1124 1594 coelum
1160 1559 1268 1605 serri3
1312 1560 1388 1597 tela

147 1613 333 1663 utrimque
369 1612 506 1649 volare.
559 1611 636 1648 Sed
666 1611 734 1657 illi,
767 1611 831 1660 qui
863 1611 999 1647 moenia
1035 1611 1291 1659 defensabant,
1323 1615 1386 1650 ubi

146 1666 274 1703 hostes
305 1665 499 1716 paululum
530 1662 642 1701 modo
677 1678 840 1714 pugnam
873 1665 1101 1708 remiserant,
1130 1666 1260 1703 intenti
1291 1680 1387 1716 proe-

146 1720 237 1756 lium
267 1725 452 1770 equestre,
484 1720 784 1768 prospectabant.
839 1717 930 1763 Eos,
963 1717 1018 1754 uti
1056 1732 1214 1768 quaeque
1250 1719 1387 1770 Jugur-

147 1774 222 1810 thae
255 1788 314 1810 res
349 1778 465 1818 erant,
496 1771 603 1808 laetos
641 1771 767 1816 modo,
808 1770 921 1807 modo
957 1772 1125 1819 pavidos,
1158 1773 1387 1810 animadvor-

149 1833 267 1873 teres,
295 1841 351 1871 ae,
381 1826 490 1862 sicuti
522 1825 641 1861 audiri
661 1825 683 1861 ’ἐι
712 1825 801 1867 suis,
834 1830 898 1861 aut
925 1826 1025 1861 cerni
1044 1832 1210 1873 possent,
1237 1839 1385 1864 monere

148 1880 222 1926 alii,
258 1880 319 1916 alii
353 1879 504 1923 hortari,
540 1885 602 1915 aut
634 1892 746 1914 manu
781 1878 999 1926 significare,
1033 1885 1095 1915 aut
1128 1879 1195 1915 niti
1226 1880 1388 1929 corpori-

148 1935 242 1978 bus3
290 1933 361 1969 huc
399 1938 434 1968 et
468 1932 570 1977 illuc,
600 1932 707 1981 quasi
742 1931 949 1977 vitabundi,
994 1938 1058 1967 aut
1083 1932 1262 1981 jacientes
1299 1933 1385 1977 tela,

149 1988 303 2036 agitare.
360 1986 473 2029 Quod
511 1985 574 2021 ubi
607 1985 728 2021 Mario
749 1985 936 2033 cognitum
975 1990 1043 2029 est,
1080 1984 1179 2033 (nam
1214 1985 1246 2022 is
1279 1987 1316 2022 in
1337 1987 1387 2023 ea.

149 2046 252 2090 parte
284 2040 465 2090 curabat‚)
500 2036 671 2075 consulto
701 2036 821 2074 leuius
848 2051 974 2086 agere,
1002 2052 1043 2074 ae
1064 2039 1303 2075 diffidentiam
1333 2041 1387 2076 rei

149 2092 344 2135 simulare3
373 2092 449 2140 pati
483 2091 671 2127 Numidas
700 2091 778 2128 sine
804 2091 965 2127 tumultu
1002 2091 1098 2141 regis
1128 2091 1298 2140 proelium
1334 2094 1388 2130 vi-

150 2160 242 2184 sere.
298 2145 369 2190 Ita,
404 2145 476 2181 illis
510 2145 633 2181 studio
663 2158 813 2180 suorum
841 2144 1038 2188 adstrictis,
1068 2144 1218 2193 repente
1250 2146 1387 2195 magna

147 2201 183 2236 vi
201 2212 346 2236 murum
365 2198 602 2248 aggreditur3
631 2203 681 2243 et,
705 2198 782 2247 jam
803 2197 910 2234 scalis
942 2197 1094 2246 egressi,
1111 2198 1244 2235 milites
1265 2199 1385 2248 prope

152 2266 294 2290 summa
325 2258 514 2301 ceperant,
544 2250 629 2287 cum
665 2251 840 2299 oppidani
868 2256 1114 2297 concurrunt3
1142 2251 1298 2300 lapides,
1334 2254 1386 2302 ig-

152 2321 251 2353 nem,
287 2305 359 2343 alia
394 2303 578 2356 praeterea
608 2303 697 2350 tela,
726 2305 909 2354 ingerunt.
965 2303 1094 2341 Nostri
1125 2303 1246 2354 primo
1280 2306 1387 2343 resis-
