1492 2531
105 101 122 136 l
129 100 179 137 26
577 97 852 136 SALLUSTII

101 203 195 240 alter
223 203 345 240 scriba
379 201 574 239 Maecenas
601 203 636 238 in
662 203 750 247 imo,
770 201 912 238 medius
932 200 1028 237 inter
1047 198 1279 248 Tarquitium
1302 206 1339 237 et

101 257 290 294 dominum
310 256 556 305 Perpennam.
613 255 710 292 Non.
731 255 836 291 Serv.

156 310 324 354 Quarum
343 323 454 346 unam
482 308 676 359 epistolam
709 307 805 345 forte
824 321 909 344 cum
941 320 1047 343 servo
1067 306 1163 343 nacti
1190 306 1339 355 praeda-

101 371 201 401 tores
220 363 411 401 Valeriani
430 363 625 412 scorpione
643 363 681 398 in
701 368 821 399 castra
838 360 986 397 misere.
1042 359 1202 396 Nonius.

411 751 454 803 F
478 750 528 802 R
550 749 600 801 A
625 747 678 800 G
696 747 762 801 M
786 747 834 799 E
856 746 907 798 N
932 746 978 799 T
999 749 1046 798 A

511 919 832 962 HISTORIAR
840 919 938 960 UM.

473 1081 652 1122 LIBER
681 1077 975 1123 QUARTUS.

184 1198 219 1236 T
257 1197 325 1234 Cn.
364 1196 547 1233 Lentulus
593 1194 758 1245 patriciae
792 1192 927 1243 gentiS,
966 1189 1111 1239 collega
1148 1190 1243 1240 ejus,
1279 1189 1339 1226 cui

100 1254 130 1280 A
221 1256 509 1302 cognomentum
543 1249 723 1286 Clodiano
761 1248 841 1295 fuit,
877 1244 1127 1295 perincertum
1161 1243 1339 1288 stolidior,

100 1320 145 1342 an
184 1305 323 1349 vanior,
360 1304 482 1353 legem
520 1303 566 1339 de
602 1300 775 1351 pecunia,
811 1313 923 1351 quam
968 1296 1073 1333 Sulla
1109 1297 1340 1345 emptoribus

100 1361 284 1396 bonorum
315 1359 521 1403 remiserat,
555 1355 758 1406 exigunda,
787 1350 1048 1405 promulgavit.
1104 1347 1153 1385 A.
1185 1348 1340 1394 Gellius,

100 1412 124 1450 l.
145 1413 245 1450 xviii.
264 1424 348 1462 cap.
368 1412 415 1448 iv.

151 1466 306 1509 Omnes,
332 1464 467 1514 quibus
499 1468 587 1500 aetas
621 1468 772 1499 senecto
795 1473 962 1509 corpore,
994 1459 1135 1496 animus
1170 1458 1339 1495 militaris

100 1525 189 1557 erat.
242 1517 371 1556 Prisc.
390 1518 412 1555 l.
434 1518 484 1553 ix.
512 1521 548 1553 et
567 1528 605 1552 x.

153 1573 265 1619 Dein,
279 1571 393 1608 lenita
416 1572 495 1621 jam
518 1568 585 1609 ira,
604 1573 752 1620 postero
779 1569 838 1605 die
867 1570 1083 1608 liberalibus
1104 1567 1228 1605 verbis
1259 1580 1341 1616 per-

99 1626 229 1663 mulcti
248 1630 346 1662 sunt.
401 1624 520 1667 Idem,
541 1623 565 1661 l.
584 1624 635 1660 ix.

152 1679 349 1728 Implicitae
370 1684 465 1715 rates
482 1676 684 1714 ministeria
701 1677 960 1724 prohibebant.
1013 1675 1131 1720 Idem,
1150 1676 1296 1714 ibidem.

154 1733 274 1783 Igitur
291 1731 459 1782 legiones
479 1730 598 1780 pridie
615 1730 653 1766 in
671 1737 795 1767 monte
815 1730 954 1780 positas
974 1730 1173 1767 arcessivit.
1221 1729 1338 1774 Idem,

50 1797 52 1800 ’
103 1786 179 1823 Lx.

154 1838 299 1877 Anxius
319 1837 443 1882 animi,
457 1842 568 1886 atque
587 1837 763 1874 incertus.
821 1837 1049 1873 Arusianus.

154 1893 333 1941 Magnam
353 1904 507 1928 exorsus
528 1891 743 1927 orationem.
799 1889 917 1927 Idem.

154 1945 362 1994 Impotens,
376 1951 412 1982 et
429 1943 563 1980 nimius
582 1943 695 1979 animi
714 1948 781 1981 est.
833 1943 949 1980 Idem.

155 1999 401 2047 Amisumque
449 1996 605 2034 assideri
655 1996 734 2033 sine
783 1997 920 2046 proeliis
967 1996 1154 2033 audiebat.
1207 1993 1337 2031 Prisc.

101 2054 124 2090 l.
138 2052 214 2089 viii.
272 2049 432 2088 Obsideo
452 2055 488 2087 et
506 2049 648 2086 assideo
669 2049 797 2087 activa
816 2055 898 2086 sunt
908 2065 923 2095 ,-
944 2049 1095 2099 faciunt
1125 2048 1222 2085 enim
1249 2050 1339 2084 assi-

105 2110 191 2143 (leor
211 2109 247 2142 et
265 2103 442 2141 obsideor.

160 2159 238 2203 Qui
256 2157 407 2208 quidem
426 2170 518 2202 mos,
537 2155 593 2193 uti
611 2155 729 2202 tabes,
747 2157 784 2192 in
803 2158 933 2194 urbem
948 2156 1146 2206 conjectus.
1188 2153 1337 2191 Festus.

163 2211 325 2250 Castella
356 2210 544 2246 custodias
580 2209 835 2246 thesaurorum
871 2211 910 2247 in
939 2208 1160 2246 deditionem
1197 2208 1340 2256 accipe-

106 2271 243 2302 rentur.
299 2264 404 2301 Serv.
424 2262 549 2299 Caris.
569 2261 595 2300 l.
616 2263 639 2299 i.

157 2317 320 2368 Reliqua
338 2317 518 2356 cadavera
536 2316 650 2353 salita.
705 2314 926 2361 Diomedes,
945 2314 1007 2351 lib.
1022 2313 1043 2351 i.
1062 2327 1139 2363 cap.
1159 2314 1206 2349 iv.
