1492 2531
382 90 599 130 BELLUM
630 88 1040 128 CATILINARIUM.
1281 87 1332 125 27

102 194 246 232 Nostra
273 193 465 237 memoria,
484 195 605 231 victor
629 192 738 230 Sulla
765 192 848 229 cum
870 192 1150 242 Damasippum
1181 198 1218 228 et
1237 192 1332 229 alios

102 248 330 297 hujusmodi,
345 249 413 298 qui
427 247 527 284 malo
543 247 759 296 reipublicae
774 245 1304 294 creverant‚ju9ularijussit
1321 261 1333 286 ;

101 303 186 352 quis
205 314 279 338 non
302 301 462 349 factum
495 300 577 349 ejus
610 298 821 336 laudabat?
876 298 1058 336 Homines
1089 298 1264 336 scelestos
1296 307 1333 336 et

90 355 295 402 factiosos,
311 355 379 404 qui
393 353 641 390 seditionibus
654 352 924 402 rempublicam
939 353 1332 401 exayitaverant,me-

101 408 177 444 rito
206 412 357 444 necatos
379 406 548 443 aiebant.
604 406 680 443 Sed
703 419 748 442 ea
776 418 836 442 res
866 418 1012 454 maynae
1032 406 1184 441 initium
1210 406 1334 444 cladis

91 460 195 508 fuit.
254 459 429 510 Namque
444 459 502 496 uti
523 460 680 510 quisque
700 459 860 503 domum,
881 464 950 495 aut
976 458 1122 504 villam,
1143 461 1333 508 postremo

100 519 170 550 aut
203 526 283 558 vas,
316 519 386 550 aut
412 515 673 550 vestimentum
705 512 874 561 alicujus
901 513 1182 561 concupiverat,
1214 512 1336 551 dabat

101 579 269 616 operam,
289 572 333 602 ut
360 567 393 603 is
421 567 461 602 in
488 566 790 616 proscriptorum
820 578 975 602 numero
1003 571 1112 602 esset.
1171 566 1237 603 Ita
1255 567 1332 612 illi,

101 619 238 670 quibus
273 620 504 670 Damasippi
524 632 624 656 mors
653 619 797 656 laetitiae
815 618 971 667 fuerat,
996 619 1115 668 paulo
1141 620 1230 669 post
1261 622 1337 669 ipsi

104 673 378 710 trahebantur:
398 672 1075 723 nequepriusfinisjuqulandifuit,
1091 673 1203 723 quam
1223 671 1334 711 Sulla

103 724 220 763 omnis
258 738 343 764 suos
380 727 529 763 divitiis
561 725 743 776 explevit.
813 726 941 776 Atque
974 738 1041 775 eqo
1071 726 1146 762 liaec
1183 740 1255 764 non
1293 730 1335 764 in

104 779 164 816 M.
191 779 333 825 Tullio,
353 793 472 831 neque
489 779 548 816 liis
579 778 806 828 temporibus
825 791 969 816 vereor.
1027 779 1102 816 Sed
1129 781 1168 815 in
1195 781 1335 830 maynd

102 833 259 870 civitate
279 833 402 869 multa
422 833 581 870 etvaria
595 832 748 882 inqenia
767 838 869 869 sunt.
909 832 1045 869 Potest
1058 833 1136 870 alio
1157 838 1335 885 tempore,

105 886 184 922 alio
204 887 370 931 consule,
385 887 446 923 cui
473 887 562 922 item
581 887 768 923 exercitus
789 886 828 922 in
855 899 969 922 manu
1003 886 1235 935 sit‚falsum
1260 888 1337 924 ali-

104 940 200 989 quid
214 952 287 989 pro
310 952 398 982 vero
428 940 547 976 credi.
610 939 683 976 Ubi
713 938 779 976 li6c
810 939 992 989 exemplo,
1010 952 1080 987 per
1100 939 1252 978 senatus
1272 943 1337 978 de-

104 998 263 1034 cretum,
292 992 424 1030 consul
439 993 614 1042 yladium
633 993 824 1037 eduxerit,
852 994 938 1043 quis
958 992 1019 1028 illi
1035 994 1157 1041 finem
1177 1000 1337 1041 statuet,

104 1051 175 1082 aut
193 1047 278 1096 quis
296 1045 581 1083 moderabitur?
611 1045 783 1095 Majores
802 1047 939 1091 nostri,
960 1046 1011 1083 P.
1038 1047 1098 1092 0.,
1118 1060 1236 1097 neque
1251 1061 1339 1085 con-

106 1098 199 1143 silii,
244 1112 363 1150 neque
392 1100 578 1143 audacice,
615 1112 782 1149 unquam
812 1098 968 1148 equire:
1008 1112 1128 1150 neque
1160 1101 1339 1151 superbia

106 1151 298 1196 obstabat,
318 1153 523 1202 quominus
545 1154 725 1189 instituta
745 1153 888 1195 aliena,
909 1153 942 1189 si
961 1153 1192 1203 modbproba
1215 1161 1340 1200 erant,

107 1206 367 1241 imitarentur.
424 1207 546 1242 Arma
565 1211 682 1256 atque
712 1205 790 1242 tela
815 1205 1008 1242 militaria
1028 1206 1075 1243 ab
1096 1206 1342 1254 Samnitibus,

108 1258 273 1307 insiynia
288 1259 585 1307 nzayistraticurn
597 1257 645 1294 ab
664 1258 795 1295 Tuscis
805 1258 992 1308 pleraque
1005 1266 1218 1297 sumserunt
1230 1274 1240 1304 ;
1253 1273 1344 1311 pos-

110 1312 240 1356 tremo,
275 1313 376 1362 quod
423 1311 563 1362 ubique
612 1312 717 1361 apud
753 1313 870 1349 socios
909 1318 980 1348 aut
1017 1312 1134 1350 hostis
1170 1314 1343 1352 idoneum

108 1364 327 1409 videbatur,
343 1377 426 1401 cum
438 1377 578 1402 summo
591 1366 717 1402 studio
729 1364 828 1402 domi
841 1365 1163 1416 exsequebantur:
1181 1369 1344 1414 imitari,

108 1418 222 1467 quam
242 1418 411 1454 invidere
440 1417 558 1462 bonis,
587 1416 794 1455 malebant.
851 1417 926 1455 Sed
945 1419 1069 1456 eodem
1093 1420 1162 1457 illo
1182 1426 1346 1471 tempore

114 1470 271 1507 Graeciae
303 1484 441 1508 morem
469 1472 627 1516 imitati,
661 1471 876 1519 verberibus
910 1473 1270 1511 animadvertebant
1307 1477 1347 1512 in

110 1522 219 1568 civis,
236 1525 282 1560 de
297 1525 553 1561 condemnatis
565 1537 746 1562 summum
761 1525 988 1575 supplicium
1001 1526 1212 1564 sumebant.
1228 1528 1346 1566 Post—

111 1590 227 1627 quam
245 1577 460 1626 respublica
480 1577 660 1623 adolevit,
680 1591 699 1614 e
735 1579 983 1615 multitudine
1003 1580 1139 1616 civium
1150 1581 1350 1629 factiones

112 1629 280 1675 valuere,
308 1631 573 1668 circumveniri
601 1632 830 1676 innocentes,
861 1632 944 1668 alia
979 1632 1237 1681 hujuscemodi
1251 1637 1352 1684 fieri

113 1680 252 1731 caepere
266 1698 277 1720 .·
317 1690 404 1721 tunc
439 1685 499 1720 lex
533 1684 692 1730 Porcia,
724 1685 885 1736 aliceque
922 1685 1021 1734 leyes
1049 1692 1201 1734 paratae
1235 1695 1322 1726 sunt
1336 1705 1349 1732 ;

113 1736 251 1787 quibus
273 1736 418 1786 legibus
439 1737 611 1774 exsilium
642 1739 834 1776 damnatis
863 1740 1089 1788 permissum
1110 1747 1178 1778 est.
1235 1741 1350 1780 Hanc

113 1802 181 1839 eqo
200 1802 370 1836 causam,
391 1791 442 1827 P.
469 1791 525 1835 0.,
546 1792 617 1841 quo
635 1791 757 1828 minus
770 1792 967 1828 consilium
985 1805 1121 1829 novum
1140 1795 1349 1843 capiamus,

114 1844 155 1879 in
186 1843 323 1891 primis
355 1857 532 1894 maynam
557 1850 666 1891 puto.
736 1844 935 1894 Profecto,
969 1846 1091 1883 virtus
1134 1853 1250 1898 atque
1288 1862 1350 1887 sa—

109 1897 263 1946 pientia
283 1896 406 1946 maj0r
438 1898 478 1934 in
507 1897 587 1933 illis
611 1898 715 1947 fuit,
737 1899 805 1948 qui
829 1911 874 1935 ex
895 1901 1032 1948 parvis
1052 1899 1180 1948 opibus
1202 1907 1349 1940 tautum

114 1949 317 1999 imperium
342 1949 488 1999 fecere,
527 1951 640 2000 quam
672 1953 712 1988 in
740 1951 860 1997 nobis,
890 1953 958 2002 qui
986 1965 1029 1989 ea
1050 1952 1137 1989 bene
1150 1960 1273 2002 parta
1293 1959 1353 1994 vic

117 2003 336 2040 retinemus.
394 2003 534 2041 Placet
550 2004 674 2052 iyitur
693 2017 752 2041 eos
768 2005 927 2050 dimitti,
948 2010 983 2041 et
997 2008 1130 2055 auyeri
1149 2010 1354 2046 exercitum

124 2055 337 2092 Catilinae?
353 2055 537 2093 DIinume.
597 2057 673 2094 Sed
697 2059 754 2094 ita
774 2071 900 2095 censeo
918 2071 928 2095 .·
953 2059 1210 2107 publicandas
1230 2075 1355 2100 eorum

112 2109 322 2156 pecunias:
353 2110 454 2159 ipsos
484 2112 524 2146 in
550 2110 712 2148 vinculis
732 2111 921 2148 habendos
943 2125 1012 2162 per
1031 2114 1251 2164 municipia,
1272 2129 1354 2166 quae

119 2162 292 2198 maxume
307 2163 436 2211 opibus
456 2163 586 2200 valent
603 2177 613 2201 :
633 2177 705 2200 neu
725 2166 811 2214 quis
826 2166 871 2201 de
893 2165 951 2201 Izis
965 2171 1098 2214 postea
1118 2168 1171 2203 ad
1185 2175 1356 2206 senatum

120 2214 270 2263 referat
287 2228 378 2253 neve
406 2229 490 2253 cum
505 2217 648 2267 populo
677 2223 793 2266 agat:
830 2220 898 2269 qui
930 2219 1046 2255 aliter
1064 2220 1226 2267 fecerit,
1248 2235 1356 2259 sena-

124 2272 203 2303 tum
221 2270 468 2317 existumare,
488 2283 573 2309 eum
593 2277 726 2308 contra
745 2270 1015 2321 rempublicam
1035 2278 1071 2309 et
1091 2273 1252 2311 salutem
1282 2289 1359 2313 om-

122 2321 227 2357 nium
229 2321 446 2370 facturum.
