1492 2531
312 94 384 132 DE
416 92 718 132 REPUBLICA
755 92 1094 131 ORDINANDA.
1274 94 1344 131 151

112 196 167 234 uti
185 204 219 234 te
240 198 286 234 ab
313 197 542 234 inimicorum
561 196 703 246 impetu
733 196 911 242 vindices,
939 207 1089 245 quoque
1120 196 1229 232 modo
1259 209 1345 232 con-

114 258 169 287 tra
187 251 382 287 advorsum
411 251 601 287 consulem
629 249 811 286 beneficia
842 249 972 299 populi
996 250 1175 294 retineas,
1202 249 1355 299 indigna

111 305 243 341 virtute
263 304 326 341 tua
345 304 496 352 cogitas.
549 303 613 340 Sin
640 304 678 339 in
706 309 743 339 te
772 302 834 340 ille
865 303 1007 339 animus
1035 309 1104 349 est,
1133 302 1196 352 qui
1223 303 1301 352 jam
1331 316 1354 339 a

119 358 299 407 principio
335 356 536 394 nobilitatis
573 357 769 393 factionem
811 356 1053 402 disturbavit3
1100 355 1248 405 plebem
1284 355 1358 393 Ro-

112 424 257 448 manam
275 424 322 447 ex
349 411 453 460 gravi
483 410 658 447 servitute
678 410 717 445 in
736 409 954 453 libertatem,
984 411 1169 454 restituit3
1198 409 1235 444 in
1263 422 1357 458 prae-

112 463 195 500 tura
228 464 462 501 inimicorum
491 477 593 500 arma
621 463 771 500 inermis
803 462 968 513 disjecitt
1006 462 1105 499 domi
1137 462 1351 512 militiaeque

112 522 216 553 tanta
233 522 270 554 et
288 523 362 553 tarn
382 518 560 567 praeclara
580 517 743 553 facinora
761 516 862 560 fecit,
882 515 937 552 uti
955 530 1001 552 ne
1030 516 1168 553 inimici
1199 515 1348 565 quidem

112 570 218 619 queri
247 571 451 620 quidquam
482 571 655 614 audeant,
684 569 756 606 nisi
785 570 828 605 de
862 570 1115 619 magnitudine
1144 570 1230 606 tufi:
1263 570 1350 620 quin

113 623 240 672 accipe
259 630 299 660 tu
319 637 375 670 ea,
402 637 486 673 quae
514 624 634 660 dicam
665 623 709 659 de
738 623 883 659 summa
911 622 1128 671 republi033
1156 636 1239 672 quae
1268 636 1353 672 pro-

112 675 211 713 fecto
237 683 301 713 aut
318 683 358 714 tu
378 691 465 715 vera
494 677 672 719 invenies,
703 682 767 713 aut
785 675 884 713 certe
913 676 1008 712 haud
1039 676 1169 725 procul
1201 674 1223 712 εὶ
1250 689 1352 714 vero.

112 728 201 775 Sed,
233 731 406 779 quoniam
444 731 512 768 Cn.
551 730 770 779 Pompeius,
809 735 874 766 aut
909 729 1021 766 animi
1056 730 1248 779 pravitate,
1292 735 1354 766 aut

112 783 199 832 quia
216 783 305 819 nihil
323 783 464 828 maluit,
492 783 604 833 quam
634 783 736 833 quod
769 783 837 820 tibi
864 784 1025 826 obesset,
1049 783 1101 819 ita
1128 782 1254 832 lapsus
1281 789 1349 826 est,

113 842 153 872 ut
180 836 346 873 hostibus
374 837 449 874 tela
467 838 505 873 in
530 850 659 873 manus
681 837 846 887 jaceret3
875 836 1009 886 quibus
1028 836 1090 873 ille
1118 837 1228 873 rebus
1257 849 1351 872 rem-

112 890 299 938 publicam
331 891 579 934 conturbavit,
618 890 756 927 eisdem
788 889 854 926 tibi
885 890 1113 926 restituenda
1148 895 1215 926 est.
1278 889 1353 926 Pri-

111 942 211 979 mum
246 943 420 989 omnium,
453 957 634 980 summam
672 948 892 993 potestatem
930 943 1156 989 moderandi,
1193 944 1237 979 de
1267 957 1350 979 vec-

112 995 301 1045 tigalibus,
334 997 530 1043 sumtibus,
551 997 714 1047 judiciiS,
747 996 976 1033 senatoribus
1010 997 1138 1046 paucis
1176 996 1347 1041 tradidit;

111 1049 258 1098 plebem
279 1050 498 1094 Romanam,
520 1051 624 1100 cujus
652 1049 760 1086 antea
779 1063 921 1086 summa
950 1055 1116 1099 potestas
1146 1055 1237 1095 erat,
1265 1063 1350 1087 nos-

114 1116 185 1152 que
221 1103 278 1140 his
314 1104 464 1153 quidem
499 1103 647 1154 legibus
680 1103 718 1139 in
755 1103 931 1140 servitute
964 1103 1121 1153 reliquit.
1189 1103 1349 1149 Judicia,

113 1156 270 1202 tametsi,
298 1157 394 1193 sicut
422 1156 531 1194 antea
559 1157 677 1194 tribus
710 1156 898 1193 ordinibus
923 1157 1057 1193 tradita
1088 1163 1192 1193 sunt:
1223 1165 1347 1193 tamen

113 1209 224 1246 iidem
252 1210 304 1246 illi
336 1210 479 1247 factiosi
511 1216 656 1260 regunt,
684 1210 785 1254 dant,
818 1210 996 1255 adimunt,
1031 1224 1113 1260 quae
1140 1210 1266 1254 lubet;
1293 1211 1348 1247 in—

115 1269 289 1300 noeentes
339 1264 653 1308 circumveniunt3
698 1276 786 1300 suos
836 1263 883 1299 ad
934 1263 1112 1300 honorem
1156 1263 1348 1300 extollunt.

113 1314 201 1352 Non
219 1316 374 1363 facinus,
390 1330 463 1353 non
482 1318 672 1366 probrum,
691 1322 755 1353 aut
773 1316 953 1366 flagitium
972 1317 1107 1364 obstat,
1125 1315 1202 1367 quo
1221 1317 1341 1354 minus

114 1369 351 1418 magistratus
385 1370 551 1419 capiant:
588 1370 688 1419 quod
724 1370 956 1407 commodum
993 1378 1062 1414 est,
1096 1371 1258 1414 trahunt,
1288 1384 1345 1407 ra-

114 1422 240 1470 piunt:
274 1422 476 1472 postremo,
494 1429 667 1472 tanquam
687 1424 778 1460 urbe
804 1424 925 1472 capta,
954 1423 1118 1460 lubidine
1137 1438 1178 1461 ac
1199 1423 1347 1461 licentia

113 1476 182 1511 sua
199 1489 265 1524 pro
284 1476 430 1527 legibus
456 1482 618 1514 utuntur.
670 1476 727 1514 Ac
757 1491 815 1514 me
841 1477 990 1526 quidem
1020 1477 1214 1515 mediocris
1242 1477 1346 1515 dolor

114 1536 277 1577 angeret,
303 1531 334 1566 si
364 1530 495 1567 virtute
525 1536 665 1580 partam
693 1530 883 1567 victoriam
909 1544 1010 1567 more
1039 1545 1106 1568 suo
1139 1545 1203 1580 per
1232 1534 1348 1568 servi-

114 1581 206 1618 tium
224 1589 447 1621 exercerent.
504 1583 580 1620 Sed
598 1584 762 1620 homines
788 1584 1024 1627 inertissumi,
1050 1598 1204 1634 quorum
1225 1586 1341 1622 omnis

115 1634 169 1670 vis
188 1636 377 1686 virtusque
396 1637 431 1673 in
450 1637 578 1686 lingua
596 1638 666 1674 sita
684 1643 752 1683 est,
770 1637 875 1680 forte,
905 1643 1014 1686 atque
1044 1638 1192 1675 alterius
1221 1652 1343 1676 socor-

115 1687 187 1731 dia,
207 1689 491 1727 dominationem
517 1690 676 1727 oblatam
706 1690 907 1727 insolentes
925 1691 1074 1740 agitant.
1126 1692 1238 1735 Nam,
1258 1706 1343 1742 quae

115 1741 245 1778 seditio
263 1756 305 1779 ac
325 1743 505 1781 dissensio
534 1743 650 1780 civilis
669 1750 723 1780 tot
740 1749 889 1794 tamque
919 1744 1080 1782 illustres
1110 1745 1264 1782 familias
1294 1747 1340 1783 ab

115 1794 229 1843 stirpe
259 1796 412 1833 evertit?
441 1802 503 1833 aut
525 1811 681 1847 quorum
711 1811 886 1847 umquam
914 1798 1068 1835 victoria
1098 1799 1239 1835 animus
1268 1804 1342 1836 tam

115 1860 281 1899 praeceps
310 1855 456 1900 tamque
484 1851 746 1887 immoderatus
777 1852 875 1888 suit?
933 1852 972 1888 L.
991 1851 1107 1896 Sulla,
1137 1853 1196 1889 cui
1222 1853 1344 1890 omnia

117 1902 154 1938 in
182 1903 335 1940 victoria
363 1903 446 1954 lege
469 1904 557 1940 belli
571 1904 768 1950 licuerunt,
786 1905 930 1942 tametsi
949 1904 970 1941 a
989 1904 1153 1955 Sulpicio
1181 1906 1341 1943 hostium

114 1963 237 2004 partes
266 1957 398 1993 muniri
426 1957 677 2007 intelligebat;
705 1963 842 2004 tamen,
867 1958 995 2007 paucis
1023 1959 1236 2003 intersectis,
1267 1973 1341 1996 cae-

114 2014 213 2047 teros
233 2009 424 2054 beneficio,
454 2024 564 2061 quam
591 2016 705 2054 metu,
733 2013 889 2048 retinere
918 2011 1055 2049 maluit.
1108 2012 1159 2049 At
1190 2012 1338 2050 hercule

114 2075 211 2100 nunc
241 2076 326 2099 cum
355 2064 507 2108 Catone,
541 2063 584 2101 L.
616 2064 793 2109 Domitio,
822 2066 1038 2114 caeterisque
1069 2066 1231 2116 ejusdem
1263 2066 1340 2103 iac-

114 2115 238 2159 tionis‚
274 2116 519 2166 quadraginta
553 2123 755 2161 senatores,
791 2118 895 2155 multi
929 2119 1108 2168 praeterea
1155 2133 1238 2156 cum
1274 2133 1339 2168 spe

114 2168 213 2205 bona
243 2169 509 2215 adolescentes,
537 2171 644 2207 sicuti
678 2171 822 2217 hostiae,
851 2173 1000 2209 mactati
1032 2178 1137 2209 sunt:
1173 2187 1257 2210 cum
1286 2174 1340 2209 in-

116 2220 217 2259 terea
234 2223 559 2272 importunissuma
585 2238 721 2273 genera
750 2224 938 2262 hominum
964 2231 1017 2262 tot
1045 2226 1262 2262 miserorum
1291 2227 1340 2262 ci-

115 2274 216 2310 vium
241 2277 419 2325 sanguine
450 2277 573 2312 satiari
600 2277 858 2326 nequiverunt:
898 2293 970 2315 non
998 2279 1077 2316 orbi
1108 2279 1228 2324 liberi,
1258 2293 1333 2316 non

116 2333 287 2376 parentes
315 2330 444 2366 exacta
472 2335 595 2377 aetate,
623 2344 696 2367 non
723 2333 879 2380 gemitus
906 2333 1082 2379 virorum,
1109 2332 1230 2370 luctus
1261 2347 1338 2369 mu-
