1492 2531
373 148 591 190 BELLUM
621 148 1036 190 CATILINARIUM.
1293 151 1317 188 5

97 263 176 296 ture
207 256 284 301 sed,
316 256 402 307 quia
423 254 626 306 provenere
658 254 709 292 ibi
745 267 879 306 magna
911 255 1128 305 scriptorum
1160 253 1320 304 ingenia,

98 325 166 361 per
184 318 358 349 terrarum
376 310 501 346 orbem
529 309 808 346 Atheniensium
836 309 933 345 sacta
960 322 1028 358 pro
1051 308 1230 345 maxumis
1259 322 1322 345 ce-

97 365 295 401 lebrantur.
350 363 408 399 Ita
425 374 549 399 eorum
570 362 632 411 qui
662 375 705 399 ea
729 361 860 407 fecere,
883 362 999 399 virtus
1027 367 1127 398 tanta
1152 361 1318 408 habetur,

98 424 274 467 quantum
301 416 426 454 verbis
461 429 503 452 ea
542 414 709 465 potuere,
745 414 917 452 extollere
950 415 1126 465 praeclara
1159 415 1318 465 ingenia.

100 471 152 507 At
179 469 318 519 populo
352 469 520 506 Romano
546 481 736 518 nunquam
772 482 815 505 ea
850 469 955 516 copia
991 469 1080 505 fuit:
1118 469 1204 518 quia
1236 481 1319 516 pru-

98 524 337 561 dentissimus
373 522 539 573 quisquis
572 522 785 571 negotiosus
809 520 980 558 maxume
999 527 1097 559 erat:
1133 522 1319 571 ingenium

98 590 206 613 nemo
242 576 322 614 sine
351 589 502 625 corpore
532 576 749 612 exercebat:
787 581 960 624 optumus
987 575 1142 624 quisque
1184 574 1320 620 facere,

97 628 210 679 quam
239 629 382 676 dicere3
419 641 485 665 sua
508 629 555 665 ab
581 628 660 666 aliis
688 628 882 665 benefacta
908 627 1062 673 laudari,
1094 626 1205 677 quam
1238 630 1318 676 ipse

97 682 253 719 aliorum
288 694 446 727 narrare,
482 681 655 720 malebat.
707 682 826 731 Igitur
861 679 961 718 domi
988 681 1201 732 militiaeque
1232 681 1322 717 boni

98 749 218 773 mores
251 736 487 782 colebantur3
536 734 732 772 concordia
765 747 948 780 maxuma,
983 735 1142 771 minuma
1172 735 1323 771 avaritia

98 795 187 826 erat.
241 787 309 826 Jus
342 790 554 837 bonumque
580 788 679 837 apud
697 801 760 825 eos
779 801 853 824 non
880 787 1024 837 legibus
1056 786 1190 838 magis,
1209 787 1321 837 quam

99 842 244 888 natura,
274 841 435 880 valebat.
487 841 628 891 Jurgia,
656 841 870 885 discordias,
902 840 1106 878 simultates
1135 855 1219 878 cum
1261 841 1322 878 ho-

97 896 218 933 stibus
253 895 495 934 exercebant:
530 895 628 932 cives
665 908 748 932 cum
780 894 921 931 civibus
957 894 1002 931 de
1037 894 1170 931 virtute
1206 901 1322 931 certa-

99 948 209 987 bant:
243 950 281 986 in
325 948 516 998 suppliciis
552 949 703 985 deorum
746 946 948 997 magnifici,
994 946 1092 985 domi
1137 947 1251 997 parci,
1283 948 1320 984 in

99 1002 236 1039 amicos
254 1001 382 1039 fideles
402 1007 524 1039 erant:
560 1002 703 1038 duabus
722 1001 778 1038 his
798 1001 952 1044 artibus,
971 1000 1126 1038 audacia
1144 1001 1180 1037 in
1199 1000 1320 1046 bello;

100 1055 165 1091 ubi
194 1070 267 1106 pax
295 1060 479 1101 evenerat,
506 1055 694 1104 aequitate,
730 1068 844 1105 seque
867 1068 1018 1104 remque
1046 1054 1233 1104 publicam
1263 1068 1326 1090 cu-

100 1109 241 1146 rabant.
321 1108 487 1152 Quarum
521 1122 642 1145 rerum
685 1122 754 1157 ego
788 1121 959 1144 maxuma
989 1108 1209 1145 documenta
1244 1108 1325 1144 haec

100 1160 242 1199 habeo·
235 1162 380 1222 ,Ηφιόᾱ
403 1162 440 1198 in
472 1161 570 1198 bello
598 1161 736 1211 saepius
766 1160 990 1197 vindicatum
1021 1162 1132 1198 estin
1152 1175 1229 1205 eos,
1262 1162 1325 1211 qui

101 1221 230 1252 contra
255 1215 447 1264 imperium
474 1214 511 1251 in
538 1214 683 1252 hostem
712 1219 977 1264 pugnaverant,
1009 1212 1147 1264 quique
1182 1214 1323 1251 tardius

103 1269 266 1305 revocati
296 1267 424 1316 proelio
450 1273 707 1313 excesserant3
743 1280 855 1316 quam
882 1267 945 1316 qui
972 1268 1080 1317 signa
1108 1267 1324 1317 relinquere,

100 1327 180 1361 aut,
210 1321 320 1382 pulsi,
347 1320 429 1357 loco
460 1321 590 1357 cedere
619 1321 700 1357 ausi
730 1325 841 1357 eraut.
898 1320 943 1356 Iu
974 1334 1065 1370 pace
1088 1319 1189 1367 vero,
1208 1323 1324 1358 bene-

101 1373 192 1410 ficiis
212 1371 346 1424 magis,
377 1372 488 1422 quam
507 1379 621 1417 metu,
639 1373 832 1423 imperium
854 1373 1061 1423 agitabant3
1094 1380 1142 1418 et,
1169 1375 1325 1423 accepta

102 1426 248 1476 injuria,
280 1429 486 1477 ignoscere,
516 1425 628 1476 quam
660 1426 844 1476 persequi,
873 1426 1072 1465 malebant.
1135 1427 1223 1471 Sed,
1260 1427 1324 1464 ubi

101 1478 228 1516 labore
247 1486 356 1529 atque
369 1479 521 1530 justicia
549 1479 759 1529 respublica
786 1479 924 1526 crevit;
953 1493 1062 1530 reges
1082 1482 1207 1530 magni
1226 1480 1322 1518 bello

103 1532 254 1578 domiti3
301 1533 469 1570 nationes
504 1534 605 1577 ferae,
638 1538 674 1570 et
708 1533 837 1582 populi
866 1533 1048 1583 ingentes,
1082 1534 1119 1570 vi
1152 1535 1324 1581 subacti3

104 1586 304 1637 Carthago,
352 1585 485 1622 aemula
517 1586 659 1636 imperii
707 1586 877 1632 Romani,
923 1588 970 1623 ab
1015 1587 1128 1636 stirpe
1162 1588 1320 1624 interiit:

103 1646 237 1676 cuncta
264 1639 378 1676 maria
405 1644 587 1690 terraeque
617 1640 816 1689 patebant:
850 1639 977 1677 saevire
1008 1641 1154 1677 fortuna
1180 1654 1222 1677 ac
1238 1642 1326 1677 mis-

104 1705 189 1729 cere
219 1693 340 1729 omnia
383 1693 506 1742 coepit.
560 1693 635 1737 Qui
665 1692 823 1736 labores,
854 1693 1030 1742 pericula,
1055 1694 1184 1730 dubias
1213 1703 1325 1743 atque

103 1758 255 1794 asperas
287 1759 361 1790 res,
391 1745 501 1783 facile
533 1746 802 1791 toleraverant;
845 1746 889 1783 iis
922 1746 1050 1792 otium,
1083 1747 1232 1789 divitiae,
1262 1761 1327 1797 op-

105 1799 230 1835 tundae
275 1798 368 1845 aliis,
400 1800 503 1836 oneri
531 1799 762 1849 miseriaeque
794 1798 908 1837 fuere.
960 1799 1080 1850 Igitur
1115 1799 1233 1849 primo
1265 1815 1328 1849 pe-

106 1851 240 1896 cuniae,
286 1852 372 1889 dein
402 1852 558 1902 imperii,
594 1853 729 1903 cupido
767 1852 899 1890 crevit:
937 1866 981 1889 ea
1017 1854 1121 1902 quasi
1157 1855 1329 1891 materies

105 1905 269 1941 omnium
301 1904 480 1942 malorum
521 1905 639 1943 fuere.
699 1905 873 1955 Namque
905 1906 1054 1943 avaritia
1088 1907 1210 1951 fidem,
1250 1922 1331 1957 pro-

105 1957 272 2002 bitatem,
308 1964 534 2008 caeterasque
573 1964 670 1997 artes
699 1960 815 1996 bonas
847 1959 1046 1997 subvertit:
1082 1974 1149 2009 pro
1180 1960 1236 1997 his
1271 1976 1331 1997 su-

107 2012 286 2060 perbiam,
335 2011 599 2058 crudelitatem,
645 2012 734 2049 deos
775 2011 976 2062 negligere,
1023 2014 1145 2051 omnia
1190 2014 1332 2051 venalia

107 2063 258 2105 habere,
278 2064 436 2101 edocuit.
479 2065 643 2102 Ambitio
674 2065 808 2102 multos
831 2064 994 2103 mortalis
1016 2067 1128 2103 salsos
1147 2067 1225 2104 fieri
1244 2069 1329 2104 sub-

107 2117 210 2166 egit3
243 2117 344 2154 aliud
373 2118 538 2154 clausum
568 2119 605 2155 in
640 2124 800 2179 pectore,
836 2118 935 2155 aliud
962 2126 1173 2169 promptum
1202 2121 1239 2156 in
1266 2121 1332 2158 lin-

109 2170 186 2218 gua
219 2170 377 2216 habere;
403 2171 579 2208 amicitias
606 2172 902 2222 inimicitiasque,
932 2185 1006 2208 non
1034 2187 1079 2211 ex
1109 2188 1162 2219 re,
1192 2174 1257 2210 sed
1287 2187 1333 2210 ex

109 2224 317 2267 commodo,
361 2230 581 2271 aestumare;
622 2224 821 2288 magisque
863 2224 1015 2268 vultum,
1047 2240 1159 2277 quam
1196 2227 1336 2276 ingeni-

112 2288 188 2320 um,
223 2277 361 2314 bonum
390 2277 538 2316 habere.
585 2277 678 2314 Haec
711 2276 827 2328 primo
864 2278 1038 2337 paulatim
1075 2293 1254 2325 crescere,
1280 2280 1333 2316 in-

112 2328 259 2365 terdum
290 2330 478 2368 vindicari.
533 2330 638 2376 Post,
669 2332 732 2368 ubi
760 2331 944 2382 contagio,
973 2333 1078 2382 quasi
1110 2332 1331 2382 pestilentia,

114 2381 270 2428 invasit3
307 2384 436 2421 civitas
481 2385 692 2421 immutata:
736 2384 941 2434 imperium,
974 2399 1021 2423 ex
1051 2387 1253 2437 justissimo
1290 2392 1337 2422 at-
