1492 2531
123 134 173 172 xii

511 130 702 169 VARIAE
722 131 1021 171 LECTlONES

147 253 228 294 Pag.
247 252 316 282 Lin.

146 299 198 327 25.

219 514 270 541 24.

220 556 273 584 ⁰27.

214 599 263 627 33.

149 641 200 669 27·
225 642 277 671 24.

225 726 263 737 „u

222 737 275 755 ὑί).

231 770 278 799 13.

150 771 201 799 28.

223 813 274 842 38.

226 857 277 885 39.

227 900 279 928 40.

232 943 282 972 26.

225 987 276 1015 39.

230 1029 283 1057 26.

227 1073 280 1100 41.

253 1117 281 1144 2.

152 900 203 928 ⁴29.

152 942 205 972 30.

179 1030 205 1058 1.

153 1029 173 1057 (οὒ

154 1117 206 1145 32.

248 1159 267 1185 5

249 1202 281 1230 7.

233 1244 286 1274 36.

234 1288 287 1318 37.

200 1351 208 1360 .
232 1332 282 1360 19.

230 1374 283 1405 25.

156 1244 208 1273 33.

237 1937 289 1965 32.

236 1980 287 2008 39.

240 2024 292 2051 ΩΟ.

241 2066 294 2094 31.

244 2108 297 2138 25.
319 2116 448 2146 egerem:
471 2105 518 2134 sed
542 2105 566 2134 si
596 2114 629 2133 ea
658 2102 764 2132 deside-

164 2025 216 2052 42.

165 2110 216 2139 43.

244 297 274 325 5.

223 339 277 369 36.

147 384 197 413 26.
243 385 272 413 6.

223 428 273 455 12.

220 469 272 497 15.

233 1462 286 1489 21.

235 1505 290 1533 34.

205 1569 210 1576 .
236 1548 286 1577 13.

237 1634 288 1664 36.

208 1698 214 1706 .
240 1678 289 1706 19.

236 1722 291 1752 40.

209 1787 215 1793 .
242 1764 292 1793 32.
317 1764 410 1792 omitt.
425 1771 494 1790 cum
509 1759 666 1800 Jugurtha

236 1808 287 1836 35.

210 1872 217 1879 .
261 1851 290 1879 4.

301 295 567 337 nefariafacz'nora

299 341 388 369 vitam
401 340 506 368 hahent

293 383 422 412 omnibus
437 383 532 420 impiis

298 426 395 455 aliena
408 435 484 454 mens
498 425 514 453 ὰ

293 468 440 507 presertim
460 467 613 508 diligentia

295 512 341 541 sed
357 513 386 541 in
406 511 523 540 exitium.
536 511 667 549 permitti

297 555 382 594 legem
394 555 505 591 timere,
523 564 589 583 cum

292 608 324 627 ez·
341 598 498 626 domesticis
510 598 593 626 rebus

302 640 390 670 hostes
442 640 553 670 idoneos
590 639 753 679 videbatur,

320 694 384 713 cum
396 693 525 722 supremo
540 685 636 713 studio

298 726 445 765 Sapientia
464 727 609 763 majorum
638 728 668 757 in

300 775 408 800 caetera
422 769 579 809 malefacta

302 812 332 841 in
348 818 487 842 extremo
504 812 609 852 posita

303 866 337 885 se
353 865 404 885 res
419 854 539 885 habent

305 899 484 938 apprehensis

304 942 486 983 infaucibus

303 984 343 1015 ad
360 985 472 1014 coelum
494 984 608 1014 tollunt

305 1027 483 1068 profugium

306 1071 347 1100 ad
364 1070 554 1111 supplicium

304 1113 507 1144 descenderis
523 1115 562 1144 al.
579 1111 758 1144 escenderis

303 1157 423 1186 inculta

306 1200 427 1230 indices
442 1210 546 1230 rerum

307 1244 522 1284 aggrediamini

312 1288 396 1317 licuit
413 1287 491 1316 nobis

305 1340 384 1369 rupe

306 1372 427 1403 libertis
456 1377 487 1402 et
521 1371 685 1402 calonibus
722 1372 760 1401 al.

308 1416 442 1446 caloniis

310 1459 427 1489 diversi
442 1458 460 1487 ἑ,
475 1458 550 1493 suis,
569 1456 623 1487 sed

311 1506 573 1543 recognoscerent

310 1552 444 1586 tempus,
460 1550 538 1574 fetas
566 1544 623 1584 (al.
643 1540 764 1581 aetatis)

310 1589 469 1629 ingenium
486 1587 648 1617 diffluxere

305 1632 460 1673 judicium
476 1641 581 1660 meum
591 1628 763 1659 mutavisse

312 1673 664 1705 nobilitatisobviatum.
685 1672 763 1709 Qua:

316 1719 437 1759 pollens
448 1716 625 1750 virtutibus,
639 1715 753 1746 decora

308 1805 394 1844 quam
409 1805 514 1841 tiberis,
528 1804 551 1832 εἰ
565 1803 723 1842 genuissem

315 1849 490 1888 conjungere
514 1846 599 1885 quam
613 1845 764 1885 sanguini-

337 1896 396 1920 tate

313 1944 363 1964 res
375 1934 419 1963 ait
430 1933 471 1966 al.
482 1930 609 1962 dicebat
621 1935 765 1971 oportere

309 1975 403 2006 modo
418 1986 489 2006 cum
501 1974 608 2005 animo

315 2020 497 2060 perfugerat

315 2061 506 2103 properabat
521 2060 617 2091 armis

330 2159 384 2178 raiz
389 2148 426 2178 da

237 2194 290 2223 34.
301 2191 431 2233 fortuna
444 2191 594 2229 pendenda
606 2194 669 2220 erat

166 2239 215 2268 44.

237 2280 290 2309 35.

228 2325 280 2353 41.

241 2238 294 2266 31.

317 2235 438 2264 alterius
453 2234 510 2272 ipse
524 2243 574 2273 ego

308 2277 476 2317 propinquis
487 2286 540 2314 per
551 2276 640 2305 scetus

305 2331 337 2351 ex
351 2320 517 2351 necessitate
532 2319 651 2349 adversa

788 255 863 294 Pag.
883 254 955 285 Lin.

785 298 836 327 46.
862 300 913 329 13.

787 731 840 759 49.

788 774 841 804 51.

791 903 842 932 52.

792 1158 845 1188 53.
888 1158 918 1187 3.

792 1203 843 1231 54.
887 1202 920 1231 3.

867 1245 909 1274 33

795 1329 845 1359 55.

796 1546 847 1576 56.

797 1676 850 1706 57.

798 1806 849 1834 58.

798 1849 850 1878 59.

798 1935 850 1964 60.

861 342 903 370 30

861 385 900 413 31

859 428 913 458 31.

862 513 915 542 33.

881 600 912 630 9.

863 687 914 716 20.

866 729 916 760 16.

865 772 918 802 17.

863 816 917 845 32.

864 859 917 887 36.

889 902 919 930 9.

866 945 918 975 15.

863 2022 913 2050 28.

937 296 1067 328 senatfis
1081 306 1196 338 magna
1211 307 1286 339 pars

907 365 914 372 .
937 341 990 381 qui
1007 341 1188 372 consulibus

907 408 914 415 .
939 383 990 415 M.
1012 384 1118 414 Flavio

938 427 978 457 al.
995 426 1149 457 acerrime
1164 426 1330 458 victoriam
1359 436 1415 456 no-

976 469 1109 500 b211tatis

938 517 1046 542 tamen
1063 511 1303 543 accuratissime

939 555 1032 585 Medi
1049 562 1150 585 nutem
1166 560 1198 585 et
1215 553 1359 585 Armenii

933 599 1060 628 nomine
1077 598 1225 629 Numidae
1240 598 1282 628 al.
1296 607 1392 628 nomo

961 641 1111 671 Numidae

939 684 994 714 alii
1010 694 1160 715 novarum
1175 693 1278 713 rerum
1295 682 1382 713 avidi

939 738 1013 758 suas
1026 725 1310 769 impraesentiarum
1321 736 1417 756 manu

943 771 1047 802 omitt.
1061 777 1135 802 tenet
1149 775 1236 809 atque

942 814 1026 854 regis
1043 812 1215 844 factoribus

943 856 1094 887 AEmilius
1113 857 1249 887 Scaurus

943 910 1013 930 sese
1031 910 1158 930 causam
1172 896 1313 927 victoriae

941 943 980 973 ab
997 943 1160 974 obsidione
1185 950 1248 970 non
1273 938 1419 969 discede-

977 993 1027 1016 ret
1046 987 1086 1016 αἰ.
1115 986 1154 1016 ab
1184 982 1418 1023 expugnatione

982 1040 1044 1059 non
1061 1029 1230 1060 desisteret

894 1080 916 1102 ’.
941 1071 1064 1102 Paucos
1102 1070 1279 1114 flagitiosus
1304 1067 1420 1107 Jugur-

984 1116 1045 1145 thae

942 1158 1080 1188 omnium
1096 1167 1211 1188 venum
1226 1158 1272 1188 ire

944 1206 1087 1231 saturum
1102 1201 1204 1241 legem
1217 1198 1384 1231 sententiis

912 1267 918 1274 .
944 1244 1070 1274 obnoxii
1097 1243 1235 1286 inimiq’s
1263 1252 1393 1274 consur-

984 1287 1058 1327 gitis

918 1350 924 1357 .
947 1331 1048 1360 omitt.
1062 1339 1165 1371 graves

916 1394 923 1401 .
946 1374 1086 1403 cerarium
1098 1372 1247 1411 exspoliari

942 1426 1082 1445 summam
1097 1416 1228 1455 gratiam
1244 1420 1271 1444 et

914 1481 921 1488 .
944 1459 1093 1500 magnifici

915 1524 922 1531 .
944 1503 1101 1541 reparandi

915 1567 923 1574 .
945 1546 969 1575 si
980 1546 1094 1575 deditus
1107 1550 1148 1574 est

915 1611 922 1618 .
945 1599 990 1618 vos
1006 1589 1048 1618 his
1062 1588 1191 1617 omnibus

920 1656 927 1663 .
953 1632 1156 1661 liberalitatem
1172 1630 1348 1669 eripiendam

947 1674 1124 1714 pacificatis

915 1743 922 1750 .
946 1717 1084 1747 avaritiae
1100 1716 1220 1746 animos

947 1760 1043 1790 decus
1057 1759 1157 1800 regni,
1173 1759 1259 1789 cultu

945 1803 1143 1843 impudentia
1158 1801 1261 1831 Baebii

918 1873 925 1880 .
948 1845 1077 1878 subdole
1094 1845 1160 1886 ejus
1177 1855 1293 1884 augere·
1310 1844 1419 1875 amici—

990 1890 1069 1919 tiam
1081 1887 1250 1918 mussitare

874 1936 888 1962 1
896 1936 924 1964 4.
948 1932 1169 1975 primipilanus

873 1979 923 2008 25.

946 1981 1032 2006 metu
1047 1974 1257 2009 mutabantur,
1273 1973 1367 2004 sicuti

935 2029 992 2060 pro
1007 2017 1108 2059 grati&
1118 2015 1243 2057 imperii

798 2065 849 2094 61.
873 2066 925 2094 21.
948 2061 1045 2102 supra
1064 2061 1237 2095 docuimus,
1252 2059 1335 2090 inter

799 2109 850 2137 62.
895 2109 925 2137 8.
947 2105 1050 2135 affinis

871 2151 922 2181 22.
944 2150 1037 2179 omitt.
1060 2147 1105 2188 pl.
1130 2148 1172 2177 al.
1187 2145 1345 2175 tribunum
1373 2145 1420 2174 al-

990 2196 1103 2227 terum,
1119 2190 1252 2220 alterum
1275 2187 1419 2218 triumvi-

986 2244 1056 2264 rum

801 2281 851 2310 63.
875 2278 928 2309 15.
950 2276 1085 2307 traditur
1099 2275 1204 2316 Spurii
1217 2272 1328 2305 Albini
1349 2284 1419 2316 pro·

989 2319 1127 2351 consulis
