1492 2531
116 119 163 156 32
587 116 865 157 SALLUSTII

115 233 278 284 undique
307 233 481 282 parietes,
510 237 620 282 atque
655 233 808 284 insuper
843 248 990 273 camera
1016 234 1173 286 lapideis
1203 237 1351 275 fornici-

114 289 184 325 bus
220 287 364 323 vincta:
409 286 475 323 sed
510 286 666 331 incultu,
712 289 892 335 tenebris,
935 289 1062 335 odore,
1108 291 1204 327 foeda
1236 296 1348 340 atque

113 341 289 378 terribilis
320 341 400 390 ejus
435 339 562 376 facies.
617 339 662 377 In
681 355 763 378 eum
794 341 917 379 locum
938 342 1136 392 postquam
1162 344 1348 382 demissus

114 393 311 437 Lentulus,
350 393 515 429 vindices
551 406 673 430 rerum
691 394 919 444 capitalium,
952 396 1088 444 quibus
1114 403 1349 447 praeceptum

116 453 207 490 erat,
242 447 377 496 laqueo
414 445 540 496 gulam
570 446 730 497 fregere.
781 448 840 485 Ita
862 448 924 485 ille
954 450 1146 498 patriciuS,
1172 464 1217 487 ex
1237 457 1348 501 gente

115 501 334 538 clarissuma
362 498 632 546 Corneliorum,
669 502 733 550 qui
763 502 955 539 consulare
991 503 1187 552 imperium
1214 504 1349 542 Romae

113 555 308 598 habuerat,
358 553 512 602 dignum
557 554 723 590 moribus
756 555 938 604 factisque
973 556 1049 592 suis
1085 557 1225 593 exitum
1262 558 1349 595 vitae

113 608 264 644 invenit.
318 606 377 643 De
403 606 585 656 Cethego,
622 607 781 653 Statilio,
810 607 987 655 Gabinio,
1017 609 1190 660 Cepario,
1217 611 1349 648 eodem

113 661 223 698 modo
244 660 468 710 supplicium
488 665 650 697 sumtum
668 666 736 697 est.

168 715 269 751 Dum
305 727 348 750 ea
379 713 511 751 Romae
540 720 745 763 geruntur3
794 713 965 760 Catilina,
998 729 1045 753 ex
1091 716 1191 753 omni
1227 717 1349 766 copia,

116 781 229 818 quam
247 768 328 817 ipse
355 767 574 811 adduxerat,
593 773 630 804 et
657 767 823 804 Manlius
853 768 1046 815 habuerat,
1065 770 1154 806 duas
1183 769 1351 820 legiones

114 821 299 867 instituit;
340 820 509 858 cohortes
553 834 619 870 pro
657 834 811 858 numero
847 821 1005 859 militum
1042 823 1221 872 complet:
1252 824 1350 868 dein,

116 874 171 912 uti
205 875 361 924 quisque
391 873 635 919 voluntarius,
665 880 729 911 aut
759 888 805 911 ex
837 875 947 912 sociis
976 876 1014 912 in
1044 881 1162 913 castra
1187 884 1352 924 venerat,

114 927 310 977 aequaliter
344 927 604 972 distribuerat3
632 941 674 964 ac
710 927 815 965 brevi
850 928 970 978 spatio
1005 929 1170 979 legiones
1197 944 1352 968 numero

114 982 305 1018 hominum
342 980 579 1030 expleverat:
623 981 705 1017 cum
755 981 859 1018 initio
905 996 979 1019 non
1015 983 1173 1032 amplius
1204 984 1352 1021 duobus

115 1035 281 1072 millibus
297 1034 500 1071 habuisset.
554 1034 631 1071 Sed
645 1049 691 1071 ex
707 1035 806 1071 omni
825 1035 933 1084 copia
952 1035 1098 1073 circiter
1116 1049 1200 1085 pars
1219 1045 1353 1087 quarta

117 1094 196 1126 erat
226 1088 447 1124 militaribus
482 1087 593 1124 armis
645 1088 846 1125 instructa:
887 1090 1026 1136 caeteri,
1071 1088 1125 1126 uti
1165 1103 1352 1139 quemque

117 1156 228 1179 casus
274 1146 492 1187 armaverat,
547 1154 690 1190 sparos,
740 1147 803 1178 aut
835 1141 998 1188 lanceas,
1045 1142 1107 1179 alii
1143 1150 1352 1192 praeacutas

117 1195 239 1241 sudes,
275 1196 486 1245 portabant.
553 1195 642 1239 Sed,
677 1193 877 1244 postquam
908 1195 1097 1232 Autonius
1134 1209 1219 1232 cum
1250 1210 1355 1234 exer-

116 1250 192 1286 citu
211 1249 450 1294 adventabat,
470 1248 630 1285 Catilina
655 1261 722 1297 per
749 1248 885 1284 montis
904 1249 974 1285 iter
992 1249 1136 1286 facere:
1167 1248 1280 1287 modo
1305 1251 1354 1287 ad

115 1304 260 1348 urbem,
278 1300 392 1338 modo
421 1301 457 1338 in
487 1301 651 1338 Galliam
676 1301 805 1338 versus
832 1308 952 1338 castro
981 1316 1154 1349 movere3
1183 1303 1353 1340 hostibus

116 1355 352 1393 occasionem
388 1355 578 1404 pugnandi
627 1369 702 1392 non
739 1355 838 1392 dare.
911 1357 1092 1403 Sperabat
1134 1355 1354 1406 propediem

120 1422 275 1459 magnas
295 1409 420 1457 copias
440 1421 478 1444 se
515 1407 741 1454 habiturum,
763 1408 791 1443 si
829 1408 962 1445 Romae
989 1408 1080 1445 socii
1114 1409 1263 1458 incepta
1292 1424 1355 1460 pa-

120 1464 331 1500 travissent.
400 1460 550 1498 Interea
581 1462 730 1499 servitia
768 1461 1004 1511 repudiabat,
1033 1462 1139 1512 cujus
1169 1463 1273 1499 initio
1306 1463 1355 1500 ad

120 1529 205 1553 eum
238 1527 385 1565 magnae
431 1515 549 1564 copiae
587 1515 872 1559 concurrebant,
918 1516 1051 1564 opibus
1088 1516 1354 1566 conjurationis

120 1570 262 1616 fretus;
292 1568 401 1605 simul
431 1568 590 1605 alienum
624 1569 700 1605 suis
730 1568 937 1605 rationibus
961 1568 1089 1615 videri,
1116 1582 1267 1606 causam
1301 1569 1354 1606 ci·

121 1623 222 1660 vium
238 1636 321 1659 cum
345 1623 462 1659 servis
483 1622 644 1671 fugitivis
672 1621 979 1659 communicasse.
1034 1620 1121 1665 Sed,
1153 1621 1354 1672 postqmim

120 1676 158 1713 in
191 1682 313 1713 castra
343 1675 502 1712 nuncius
538 1676 721 1725 pervenit,
759 1675 889 1711 Romae
929 1675 1219 1726 conjurationem
1255 1683 1357 1725 pate-

119 1729 278 1776 sactam3
297 1730 342 1766 de
376 1728 551 1773 Lentulo,
589 1734 624 1766 et
655 1728 836 1778 CethegO,
863 1729 1094 1778 caeterisque,
1119 1742 1213 1778 quos
1243 1728 1355 1779 supra

120 1783 335 1828 memoravi,
355 1781 581 1830 supplicium
610 1788 799 1827 sumtum3
828 1781 1008 1832 plerique,
1034 1795 1128 1830 quos
1149 1782 1195 1818 ad
1216 1783 1353 1820 bellum

121 1850 207 1885 spes
242 1836 453 1885 rapinarum
495 1841 560 1872 aut
597 1848 777 1873 novarum
818 1848 939 1872 rerum
979 1836 1139 1872 studium
1172 1835 1354 1880 illexerat,

121 1889 355 1927 dilabuntur:
387 1888 550 1937 reliquos
580 1889 739 1926 Catilina
785 1901 852 1937 per
886 1887 1023 1925 montis
1054 1902 1218 1937 asperOS,
1254 1903 1356 1939 mag-

119 1943 176 1980 nis
209 1943 417 1985 itineribus,
436 1942 474 1979 in
502 1955 633 1991 agrum
652 1942 918 1979 Pistoriensem
949 1942 1122 1988 abducit3
1152 1955 1196 1979 eo
1232 1943 1356 1979 consi-

120 1995 185 2041 lio,
216 1995 272 2032 uti
302 2009 369 2044 per
387 1995 552 2032 tramites
591 1994 736 2032 occulte
763 1995 978 2045 profugeret
1010 1996 1045 2031 in
1077 1995 1251 2032 Galliam.
1303 1995 1355 2033 At

121 2049 173 2093 Q.
195 2048 376 2086 Metellus
396 2048 503 2085 Celer
522 2062 606 2084 cum
634 2049 754 2085 tribus
782 2048 994 2098 legionibus
1022 2049 1060 2085 in
1090 2062 1179 2098 agro
1214 2048 1354 2086 Piceno

121 2102 358 2152 praesidebat,
391 2115 436 2138 ex
466 2101 681 2139 difficultate
711 2115 834 2138 rerum
863 2101 994 2138 eadem
1022 2101 1087 2138 illa
1115 2101 1355 2148 existumans,

121 2169 208 2205 quae
239 2155 354 2205 supra
394 2154 567 2198 diximus,
605 2154 801 2192 Catilinam
836 2154 985 2203 agitare.
1039 2154 1171 2204 Igitur,
1195 2155 1260 2192 ubi
1285 2155 1357 2192 iter

119 2211 200 2260 ejus
221 2222 267 2246 ex
292 2208 458 2258 perfugis
492 2208 680 2258 cognovit,
717 2214 838 2244 castra
864 2207 1022 2257 propere
1048 2207 1177 2253 movit,
1207 2222 1250 2245 ac
1283 2209 1354 2245 sub

120 2263 214 2312 ipsis
231 2262 420 2298 radicibus
455 2262 633 2298 montium
654 2261 835 2307 consedit,
854 2260 930 2311 quei,
963 2261 1016 2297 illi
1045 2262 1246 2298 descensus
1277 2266 1356 2298 erat

119 2316 159 2351 in
187 2315 348 2352 Galliam
386 2314 610 2364 properanti.
682 2314 818 2364 Neque
851 2319 974 2351 tamen
1012 2314 1200 2351 Antonius
1241 2313 1356 2365 longe

120 2370 248 2405 aberat
260 2383 271 2415 3
301 2373 428 2418 utpote
466 2368 542 2418 qui,
586 2381 723 2418 magno
763 2368 941 2414 exercitu,
986 2367 1078 2404 locis
1129 2368 1355 2417 aequioribus
