<?xml version="1.0" encoding="UTF-8"?>
<!DOCTYPE html PUBLIC "-//W3C//DTD XHTML 1.0 Transitional//EN"
    "http://www.w3.org/TR/xhtml1/DTD/xhtml1-transitional.dtd">
<html xmlns="http://www.w3.org/1999/xhtml" xml:lang="en" lang="en">
 <head>
  <title>
</title>
<meta http-equiv="Content-Type" content="text/html;charset=utf-8" />
  <meta name='ocr-system' content='tesseract 3.04.00' />
  <meta name='ocr-capabilities' content='ocr_page ocr_carea ocr_par ocr_line ocrx_word'/>
</head>
<body>
  <div class='ocr_page' id='page_1' title='image "./quaeextant00salluoft_0106.png"; bbox 0 0 1492 2531; ppageno 0'>
   <div class='ocr_carea' id='block_1_1' title="bbox 120 116 882 155">
    <p class='ocr_par' dir='ltr' id='par_1_1' title="bbox 120 116 882 155">
     <span class='ocr_line' id='line_1_1' title="bbox 120 116 882 155; baseline -0.003 0"><span class='ocrx_word' id='word_1_1' title='bbox 120 117 171 155; x_wconf 88' lang='grc'><strong>84</strong></span> <span class='ocrx_word' id='word_1_2' title='bbox 606 116 882 154; x_wconf 88' lang='lat' dir='ltr'>SALLUSTII</span> 
     </span>
    </p>
   </div>
   <div class='ocr_carea' id='block_1_2' title="bbox 98 217 1359 2403">
    <p class='ocr_par' dir='ltr' id='par_1_2' title="bbox 119 217 1359 430">
     <span class='ocr_line' id='line_1_2' title="bbox 119 217 1358 281; baseline 0.003 -26"><span class='ocrx_word' id='word_1_3' title='bbox 119 219 158 255; x_wconf 88' lang='lat' dir='ltr'><strong>in</strong></span> <span class='ocrx_word' id='word_1_4' title='bbox 176 219 258 257; x_wconf 85' lang='lat' dir='ltr'><strong>aliis</strong></span> <span class='ocrx_word' id='word_1_5' title='bbox 277 220 433 280; x_wconf 78' lang='lat' dir='ltr'><strong>artibus,</strong></span> <span class='ocrx_word' id='word_1_6' title='bbox 465 217 577 256; x_wconf 81' lang='lat' dir='ltr'><strong>nimis</strong></span> <span class='ocrx_word' id='word_1_7' title='bbox 607 219 768 257; x_wconf 90' lang='lat' dir='ltr'><strong>molliter</strong></span> <span class='ocrx_word' id='word_1_8' title='bbox 797 220 1054 270; x_wconf 64' lang='lat' dir='ltr'><strong>aegritudinem</strong></span> <span class='ocrx_word' id='word_1_9' title='bbox 1086 221 1177 281; x_wconf 53' lang='lat' dir='ltr'><strong>pati:</strong></span> <span class='ocrx_word' id='word_1_10' title='bbox 1233 221 1358 266; x_wconf 83' lang='lat' dir='ltr'><strong>Quam</strong></span> 
     </span>
     <span class='ocr_line' id='line_1_3' title="bbox 120 273 1358 326; baseline 0.002 -17"><span class='ocrx_word' id='word_1_11' title='bbox 120 286 198 310; x_wconf 88' lang='lat' dir='ltr'><strong>rem</strong></span> <span class='ocrx_word' id='word_1_12' title='bbox 235 273 297 310; x_wconf 81' lang='lat' dir='ltr'><strong>alii</strong></span> <span class='ocrx_word' id='word_1_13' title='bbox 332 274 369 309; x_wconf 88' lang='lat' dir='ltr'><strong>in</strong></span> <span class='ocrx_word' id='word_1_14' title='bbox 404 273 618 321; x_wconf 80' lang='lat' dir='ltr'>superbiam</span> <span class='ocrx_word' id='word_1_15' title='bbox 650 274 870 320; x_wconf 82' lang='lat' dir='ltr'><strong>vortebant3</strong></span> <span class='ocrx_word' id='word_1_16' title='bbox 912 273 987 317; x_wconf 83' lang='lat' dir='ltr'><strong>alii,</strong></span> <span class='ocrx_word' id='word_1_17' title='bbox 1007 275 1174 311; x_wconf 90' lang='lat' dir='ltr'><strong>bonum</strong></span> <span class='ocrx_word' id='word_1_18' title='bbox 1165 289 1358 326; x_wconf 83' lang='lat' dir='ltr'><strong>lngenium</strong></span> 
     </span>
     <span class='ocr_line' id='line_1_4' title="bbox 121 325 1359 388; baseline 0.003 -26"><span class='ocrx_word' id='word_1_19' title='bbox 121 327 346 364; x_wconf 79' lang='lat' dir='ltr'><strong>contumelia</strong></span> <span class='ocrx_word' id='word_1_20' title='bbox 364 339 565 363; x_wconf 78' lang='lat' dir='ltr'><strong>accensum</strong></span> <span class='ocrx_word' id='word_1_21' title='bbox 591 340 699 362; x_wconf 84' lang='lat' dir='ltr'><strong>esse·</strong></span> <span class='ocrx_word' id='word_1_22' title='bbox 691 355 699 369; x_wconf 84' lang='lat'><em>‚</em></span> <span class='ocrx_word' id='word_1_23' title='bbox 729 326 848 371; x_wconf 82' lang='lat' dir='ltr'><strong>multi,</strong></span> <span class='ocrx_word' id='word_1_24' title='bbox 877 325 981 375; x_wconf 76' lang='lat' dir='ltr'><strong>quod</strong></span> <span class='ocrx_word' id='word_1_25' title='bbox 1001 328 1077 378; x_wconf 88' lang='lat' dir='ltr'><strong>jam</strong></span> <span class='ocrx_word' id='word_1_26' title='bbox 1106 334 1213 388; x_wconf 79' lang='lat' dir='ltr'><strong>parta</strong></span> <span class='ocrx_word' id='word_1_27' title='bbox 1240 329 1359 366; x_wconf 88' lang='lat' dir='ltr'><strong>victo-</strong></span> 
     </span>
     <span class='ocr_line' id='line_1_5' title="bbox 124 379 1358 430; baseline 0.003 -15"><span class='ocrx_word' id='word_1_28' title='bbox 124 380 180 416; x_wconf 88' lang='lat' dir='ltr'><strong>ria</strong></span> <span class='ocrx_word' id='word_1_29' title='bbox 216 394 261 417; x_wconf 85' lang='lat' dir='ltr'><strong>ex</strong></span> <span class='ocrx_word' id='word_1_30' title='bbox 294 380 463 416; x_wconf 89' lang='lat' dir='ltr'><strong>manibus</strong></span> <span class='ocrx_word' id='word_1_31' title='bbox 492 379 715 428; x_wconf 84' lang='lat' dir='ltr'>eriperetur:</span> <span class='ocrx_word' id='word_1_32' title='bbox 755 380 866 417; x_wconf 90' lang='lat' dir='ltr'><strong>nobis</strong></span> <span class='ocrx_word' id='word_1_33' title='bbox 893 379 986 416; x_wconf 81' lang='lat' dir='ltr'><strong>satis</strong></span> <span class='ocrx_word' id='word_1_34' title='bbox 1018 381 1223 430; x_wconf 79' lang='lat' dir='ltr'><strong>cognitum,</strong></span> <span class='ocrx_word' id='word_1_35' title='bbox 1255 382 1358 420; x_wconf 88' lang='lat' dir='ltr'><strong>illum</strong></span> 
     </span>
    </p>

    <p class='ocr_par' dir='ltr' id='par_1_3' title="bbox 105 431 1358 1492">
     <span class='ocr_line' id='line_1_6' title="bbox 121 431 1358 493; baseline 0.003 -23.099"><span class='ocrx_word' id='word_1_36' title='bbox 121 432 242 483; x_wconf 85' lang='lat' dir='ltr'><strong>magis</strong></span> <span class='ocrx_word' id='word_1_37' title='bbox 261 433 401 470; x_wconf 88' lang='lat' dir='ltr'><strong>honore</strong></span> <span class='ocrx_word' id='word_1_38' title='bbox 424 431 551 477; x_wconf 83' lang='lat' dir='ltr'><strong>Marii,</strong></span> <span class='ocrx_word' id='word_1_39' title='bbox 581 445 693 481; x_wconf 82' lang='lat' dir='ltr'><strong>quam</strong></span> <span class='ocrx_word' id='word_1_40' title='bbox 711 433 846 493; x_wconf 76' lang='lat' dir='ltr'><strong>injuria</strong></span> <span class='ocrx_word' id='word_1_41' title='bbox 877 447 959 479; x_wconf 86' lang='grc'>5113,</span> <span class='ocrx_word' id='word_1_42' title='bbox 990 435 1267 481; x_wconf 80' lang='lat' dir='ltr'><strong>excruciatum3</strong></span> <span class='ocrx_word' id='word_1_43' title='bbox 1295 450 1358 473; x_wconf 90' lang='lat' dir='ltr'><strong>ne·</strong></span> 
     </span>
     <span class='ocr_line' id='line_1_7' title="bbox 117 483 1356 536; baseline 0.003 -14"><span class='ocrx_word' id='word_1_44' title='bbox 117 483 189 535; x_wconf 87' lang='lat' dir='ltr'><strong>que</strong></span> <span class='ocrx_word' id='word_1_45' title='bbox 218 494 290 523; x_wconf 86' lang='lat' dir='ltr'><strong>tam</strong></span> <span class='ocrx_word' id='word_1_46' title='bbox 326 485 435 522; x_wconf 78' lang='lat' dir='ltr'><strong>anxie</strong></span> <span class='ocrx_word' id='word_1_47' title='bbox 462 486 622 522; x_wconf 86' lang='lat' dir='ltr'><strong>laturum</strong></span> <span class='ocrx_word' id='word_1_48' title='bbox 649 486 778 530; x_wconf 84' lang='grc'>1111556,</span> <span class='ocrx_word' id='word_1_49' title='bbox 811 486 842 522; x_wconf 88' lang='grc'><strong>51</strong></span> <span class='ocrx_word' id='word_1_50' title='bbox 871 487 1043 536; x_wconf 87' lang='lat' dir='ltr'><strong>adempta</strong></span> <span class='ocrx_word' id='word_1_51' title='bbox 1070 489 1263 536; x_wconf 88' lang='lat' dir='ltr'><strong>provincia</strong></span> <span class='ocrx_word' id='word_1_52' title='bbox 1280 489 1356 536; x_wconf 87' lang='lat' dir='ltr'><strong>alii,</strong></span> 
     </span>
     <span class='ocr_line' id='line_1_8' title="bbox 116 538 1355 590; baseline 0.003 -14"><span class='ocrx_word' id='word_1_53' title='bbox 116 552 230 589; x_wconf 80' lang='lat' dir='ltr'><strong>quam</strong></span> <span class='ocrx_word' id='word_1_54' title='bbox 263 538 402 585; x_wconf 84' lang='lat' dir='ltr'><strong>Mario,</strong></span> <span class='ocrx_word' id='word_1_55' title='bbox 422 539 639 576; x_wconf 86' lang='lat' dir='ltr'><strong>traderetur.</strong></span> <span class='ocrx_word' id='word_1_56' title='bbox 694 539 816 589; x_wconf 83' lang='lat' dir='ltr'><strong>Igitur</strong></span> <span class='ocrx_word' id='word_1_57' title='bbox 848 552 892 575; x_wconf 91' lang='lat' dir='ltr'><strong>eo</strong></span> <span class='ocrx_word' id='word_1_58' title='bbox 925 540 1052 577; x_wconf 81' lang='lat' dir='ltr'><strong>dolore</strong></span> <span class='ocrx_word' id='word_1_59' title='bbox 1081 541 1299 590; x_wconf 70' lang='lat' dir='ltr'><strong>impeditus,</strong></span> <span class='ocrx_word' id='word_1_60' title='bbox 1318 549 1355 580; x_wconf 87' lang='lat' dir='ltr'><strong>et</strong></span> 
     </span>
     <span class='ocr_line' id='line_1_9' title="bbox 115 592 1353 642; baseline 0.003 -14"><span class='ocrx_word' id='word_1_61' title='bbox 115 593 202 642; x_wconf 87' lang='lat' dir='ltr'><strong>quia</strong></span> <span class='ocrx_word' id='word_1_62' title='bbox 221 593 386 630; x_wconf 81' lang='lat' dir='ltr'><strong>stultitiae</strong></span> <span class='ocrx_word' id='word_1_63' title='bbox 405 593 602 630; x_wconf 87' lang='lat' dir='ltr'><strong>videbatur</strong></span> <span class='ocrx_word' id='word_1_64' title='bbox 622 592 778 629; x_wconf 86' lang='lat' dir='ltr'><strong>alienam</strong></span> <span class='ocrx_word' id='word_1_65' title='bbox 805 606 883 629; x_wconf 86' lang='lat' dir='ltr'><strong>rem</strong></span> <span class='ocrx_word' id='word_1_66' title='bbox 915 593 1078 642; x_wconf 89' lang='lat' dir='ltr'><strong>periculo</strong></span> <span class='ocrx_word' id='word_1_67' title='bbox 1111 608 1178 630; x_wconf 88' lang='lat' dir='ltr'><strong>suo</strong></span> <span class='ocrx_word' id='word_1_68' title='bbox 1209 608 1353 641; x_wconf 90' lang='lat' dir='ltr'><strong>curare,</strong></span> 
     </span>
     <span class='ocr_line' id='line_1_10' title="bbox 113 645 1355 696; baseline 0.004 -15"><span class='ocrx_word' id='word_1_69' title='bbox 113 645 259 696; x_wconf 81' lang='lat' dir='ltr'><strong>legatos</strong></span> <span class='ocrx_word' id='word_1_70' title='bbox 296 648 344 683; x_wconf 89' lang='lat' dir='ltr'><strong>ad</strong></span> <span class='ocrx_word' id='word_1_71' title='bbox 380 646 572 683; x_wconf 83' lang='lat' dir='ltr'><strong>Bocchum</strong></span> <span class='ocrx_word' id='word_1_72' title='bbox 609 646 733 689; x_wconf 84' lang='lat' dir='ltr'><strong>mittit,</strong></span> <span class='ocrx_word' id='word_1_73' title='bbox 770 646 1016 695; x_wconf 83' lang='lat' dir='ltr'><strong>postulatum,</strong></span> <span class='ocrx_word' id='word_1_74' title='bbox 1045 646 1092 684; x_wconf 76' lang='lat' dir='ltr'><strong>ne</strong></span> <span class='ocrx_word' id='word_1_75' title='bbox 1123 648 1202 684; x_wconf 86' lang='lat' dir='ltr'><strong>sine</strong></span> <span class='ocrx_word' id='word_1_76' title='bbox 1239 650 1355 686; x_wconf 68' lang='grc'>631153</span> 
     </span>
     <span class='ocr_line' id='line_1_11' title="bbox 114 699 1356 750; baseline 0.004 -15"><span class='ocrx_word' id='word_1_77' title='bbox 114 699 231 736; x_wconf 88' lang='lat' dir='ltr'><strong>hostis</strong></span> <span class='ocrx_word' id='word_1_78' title='bbox 272 700 412 749; x_wconf 90' lang='lat' dir='ltr'><strong>populo</strong></span> <span class='ocrx_word' id='word_1_79' title='bbox 444 700 613 735; x_wconf 84' lang='lat' dir='ltr'><strong>Romano</strong></span> <span class='ocrx_word' id='word_1_80' title='bbox 643 700 772 736; x_wconf 85' lang='lat' dir='ltr'><strong>fieret:</strong></span> <span class='ocrx_word' id='word_1_81' title='bbox 802 699 938 736; x_wconf 85' lang='lat' dir='ltr'><strong>habere</strong></span> <span class='ocrx_word' id='word_1_82' title='bbox 970 714 1055 737; x_wconf 90' lang='lat' dir='ltr'><strong>eum</strong></span> <span class='ocrx_word' id='word_1_83' title='bbox 1091 714 1260 750; x_wconf 81' lang='lat' dir='ltr'><strong>magnam</strong></span> <span class='ocrx_word' id='word_1_84' title='bbox 1295 716 1356 740; x_wconf 84' lang='lat' dir='ltr'><strong>co-</strong></span> 
     </span>
     <span class='ocr_line' id='line_1_12' title="bbox 114 752 1355 804; baseline 0.004 -16"><span class='ocrx_word' id='word_1_85' title='bbox 114 752 213 801; x_wconf 86' lang='lat' dir='ltr'><strong>piam</strong></span> <span class='ocrx_word' id='word_1_86' title='bbox 251 753 437 790; x_wconf 82' lang='lat' dir='ltr'><strong>societatis</strong></span> <span class='ocrx_word' id='word_1_87' title='bbox 479 752 721 801; x_wconf 70' lang='lat' dir='ltr'><strong>amicitiaeque</strong></span> <span class='ocrx_word' id='word_1_88' title='bbox 771 754 1054 803; x_wconf 77' lang='lat' dir='ltr'><strong>conjungendae,</strong></span> <span class='ocrx_word' id='word_1_89' title='bbox 1100 768 1183 803; x_wconf 91' lang='lat' dir='ltr'><strong>quae</strong></span> <span class='ocrx_word' id='word_1_90' title='bbox 1232 756 1355 804; x_wconf 83' lang='lat' dir='ltr'><strong>potior</strong></span> 
     </span>
     <span class='ocr_line' id='line_1_13' title="bbox 113 805 1351 856; baseline 0.003 -14"><span class='ocrx_word' id='word_1_91' title='bbox 113 806 215 843; x_wconf 90' lang='lat' dir='ltr'><strong>bello</strong></span> <span class='ocrx_word' id='word_1_92' title='bbox 236 813 355 844; x_wconf 81' lang='lat' dir='ltr'><strong>esset:</strong></span> <span class='ocrx_word' id='word_1_93' title='bbox 387 805 614 856; x_wconf 66' lang='lat' dir='ltr'><strong>quamquam</strong></span> <span class='ocrx_word' id='word_1_94' title='bbox 633 806 767 855; x_wconf 82' lang='lat' dir='ltr'><strong>opibus</strong></span> <span class='ocrx_word' id='word_1_95' title='bbox 787 807 862 842; x_wconf 90' lang='lat' dir='ltr'><strong>suis</strong></span> <span class='ocrx_word' id='word_1_96' title='bbox 882 807 1094 850; x_wconf 81' lang='lat' dir='ltr'><strong>confideret,</strong></span> <span class='ocrx_word' id='word_1_97' title='bbox 1126 814 1249 845; x_wconf 86' lang='lat' dir='ltr'><strong>tamen</strong></span> <span class='ocrx_word' id='word_1_98' title='bbox 1276 823 1351 846; x_wconf 90' lang='lat' dir='ltr'><strong>non</strong></span> 
     </span>
     <span class='ocr_line' id='line_1_14' title="bbox 113 859 1354 909; baseline 0.004 -14"><span class='ocrx_word' id='word_1_99' title='bbox 113 859 250 897; x_wconf 87' lang='lat' dir='ltr'><strong>debere</strong></span> <span class='ocrx_word' id='word_1_100' title='bbox 268 860 408 897; x_wconf 85' lang='lat' dir='ltr'><strong>incerta</strong></span> <span class='ocrx_word' id='word_1_101' title='bbox 434 873 500 909; x_wconf 83' lang='lat' dir='ltr'><strong>pro</strong></span> <span class='ocrx_word' id='word_1_102' title='bbox 531 860 638 896; x_wconf 73' lang='lat' dir='ltr'><strong>certis</strong></span> <span class='ocrx_word' id='word_1_103' title='bbox 669 864 836 896; x_wconf 79' lang='lat' dir='ltr'><strong>mutare:</strong></span> <span class='ocrx_word' id='word_1_104' title='bbox 866 873 973 896; x_wconf 87' lang='lat' dir='ltr'><strong>omne</strong></span> <span class='ocrx_word' id='word_1_105' title='bbox 1002 861 1141 897; x_wconf 89' lang='lat' dir='ltr'><strong>bellum</strong></span> <span class='ocrx_word' id='word_1_106' title='bbox 1174 863 1269 899; x_wconf 84' lang='lat' dir='ltr'><strong>sumi</strong></span> <span class='ocrx_word' id='word_1_107' title='bbox 1301 864 1354 900; x_wconf 80' lang='lat' dir='ltr'><strong>fa-</strong></span> 
     </span>
     <span class='ocr_line' id='line_1_15' title="bbox 112 912 1351 965; baseline 0.004 -17"><span class='ocrx_word' id='word_1_108' title='bbox 112 912 195 957; x_wconf 76' lang='lat' dir='ltr'><strong>cile,</strong></span> <span class='ocrx_word' id='word_1_109' title='bbox 230 914 404 950; x_wconf 73' lang='lat' dir='ltr'><strong>caeteriim</strong></span> <span class='ocrx_word' id='word_1_110' title='bbox 437 912 648 962; x_wconf 73' lang='lat' dir='ltr'><strong>aegurrume</strong></span> <span class='ocrx_word' id='word_1_111' title='bbox 677 912 867 949; x_wconf 82' lang='lat' dir='ltr'>desinere:</span> <span class='ocrx_word' id='word_1_112' title='bbox 911 927 984 949; x_wconf 90' lang='lat' dir='ltr'><strong>non</strong></span> <span class='ocrx_word' id='word_1_113' title='bbox 1018 914 1055 950; x_wconf 90' lang='lat' dir='ltr'><strong>in</strong></span> <span class='ocrx_word' id='word_1_114' title='bbox 1086 915 1250 964; x_wconf 89' lang='lat' dir='ltr'><strong>ejusdem</strong></span> <span class='ocrx_word' id='word_1_115' title='bbox 1284 930 1351 965; x_wconf 93' lang='lat' dir='ltr'><strong>po-</strong></span> 
     </span>
     <span class='ocr_line' id='line_1_16' title="bbox 111 966 1349 1017; baseline 0.005 -16"><span class='ocrx_word' id='word_1_116' title='bbox 111 970 244 1004; x_wconf 81' lang='lat' dir='ltr'>testate</span> <span class='ocrx_word' id='word_1_117' title='bbox 274 968 419 1003; x_wconf 82' lang='lat' dir='ltr'><strong>initium</strong></span> <span class='ocrx_word' id='word_1_118' title='bbox 449 968 527 1017; x_wconf 86' lang='lat' dir='ltr'><strong>ejus</strong></span> <span class='ocrx_word' id='word_1_119' title='bbox 559 971 595 1003; x_wconf 89' lang='lat' dir='ltr'><strong>et</strong></span> <span class='ocrx_word' id='word_1_120' title='bbox 623 966 734 1002; x_wconf 88' lang='lat' dir='ltr'><strong>finem</strong></span> <span class='ocrx_word' id='word_1_121' title='bbox 754 980 861 1002; x_wconf 83' lang='lat' dir='ltr'><strong>esse:</strong></span> <span class='ocrx_word' id='word_1_122' title='bbox 892 966 1057 1016; x_wconf 84' lang='lat' dir='ltr'><strong>incipere</strong></span> <span class='ocrx_word' id='word_1_123' title='bbox 1088 969 1205 1004; x_wconf 83' lang='lat' dir='ltr'><strong>cuivis</strong></span> <span class='ocrx_word' id='word_1_124' title='bbox 1239 969 1349 1007; x_wconf 86' lang='lat' dir='ltr'><strong>etiam</strong></span> 
     </span>
     <span class='ocr_line' id='line_1_17' title="bbox 110 1019 1350 1070; baseline 0.004 -15"><span class='ocrx_word' id='word_1_125' title='bbox 110 1019 248 1069; x_wconf 85' lang='lat' dir='ltr'><strong>ignavo</strong></span> <span class='ocrx_word' id='word_1_126' title='bbox 269 1021 403 1066; x_wconf 83' lang='lat' dir='ltr'><strong>licere;</strong></span> <span class='ocrx_word' id='word_1_127' title='bbox 433 1020 580 1070; x_wconf 84' lang='lat' dir='ltr'><strong>deponi,</strong></span> <span class='ocrx_word' id='word_1_128' title='bbox 611 1019 696 1055; x_wconf 78' lang='lat' dir='ltr'><strong>cum</strong></span> <span class='ocrx_word' id='word_1_129' title='bbox 726 1019 884 1056; x_wconf 81' lang='lat' dir='ltr'><strong>victores</strong></span> <span class='ocrx_word' id='word_1_130' title='bbox 910 1019 1035 1057; x_wconf 62' lang='lat' dir='ltr'><strong>velint.</strong></span> <span class='ocrx_word' id='word_1_131' title='bbox 1094 1021 1258 1058; x_wconf 66' lang='lat' dir='ltr'><strong>Proinde</strong></span> <span class='ocrx_word' id='word_1_132' title='bbox 1277 1023 1350 1060; x_wconf 86' lang='lat' dir='ltr'><strong>sibi</strong></span> 
     </span>
     <span class='ocr_line' id='line_1_18' title="bbox 109 1071 1351 1124; baseline 0.002 -15"><span class='ocrx_word' id='word_1_133' title='bbox 109 1086 300 1124; x_wconf 84' lang='lat' dir='ltr'><strong>regnoque</strong></span> <span class='ocrx_word' id='word_1_134' title='bbox 320 1088 388 1110; x_wconf 90' lang='lat' dir='ltr'><strong>suo</strong></span> <span class='ocrx_word' id='word_1_135' title='bbox 408 1073 643 1117; x_wconf 81' lang='lat' dir='ltr'><strong>consuleret3</strong></span> <span class='ocrx_word' id='word_1_136' title='bbox 672 1085 745 1108; x_wconf 88' lang='lat' dir='ltr'><strong>neu</strong></span> <span class='ocrx_word' id='word_1_137' title='bbox 762 1071 929 1109; x_wconf 83' lang='lat' dir='ltr'><strong>florentis</strong></span> <span class='ocrx_word' id='word_1_138' title='bbox 960 1087 1017 1110; x_wconf 86' lang='lat' dir='ltr'><strong>res</strong></span> <span class='ocrx_word' id='word_1_139' title='bbox 1051 1087 1137 1110; x_wconf 89' lang='lat' dir='ltr'><strong>suas</strong></span> <span class='ocrx_word' id='word_1_140' title='bbox 1168 1089 1251 1111; x_wconf 91' lang='lat' dir='ltr'><strong>cum</strong></span> <span class='ocrx_word' id='word_1_141' title='bbox 1283 1076 1351 1112; x_wconf 80' lang='lat' dir='ltr'><strong>Ju—</strong></span> 
     </span>
     <span class='ocr_line' id='line_1_19' title="bbox 110 1125 1349 1176; baseline 0.003 -14"><span class='ocrx_word' id='word_1_142' title='bbox 110 1127 255 1175; x_wconf 86' lang='lat' dir='ltr'><strong>gurthae</strong></span> <span class='ocrx_word' id='word_1_143' title='bbox 275 1127 429 1176; x_wconf 87' lang='lat' dir='ltr'><strong>perditis</strong></span> <span class='ocrx_word' id='word_1_144' title='bbox 448 1127 631 1162; x_wconf 83' lang='lat' dir='ltr'><strong>misceret.</strong></span> <span class='ocrx_word' id='word_1_145' title='bbox 688 1125 749 1162; x_wconf 90' lang='lat' dir='ltr'><strong>Ad</strong></span> <span class='ocrx_word' id='word_1_146' title='bbox 774 1139 817 1161; x_wconf 81' lang='lat' dir='ltr'><strong>ea</strong></span> <span class='ocrx_word' id='word_1_147' title='bbox 841 1139 905 1162; x_wconf 82' lang='lat' dir='ltr'><strong>rex</strong></span> <span class='ocrx_word' id='word_1_148' title='bbox 934 1125 1027 1163; x_wconf 79' lang='lat' dir='ltr'><strong>satis</strong></span> <span class='ocrx_word' id='word_1_149' title='bbox 1055 1126 1202 1176; x_wconf 76' lang='lat' dir='ltr'><strong>placide</strong></span> <span class='ocrx_word' id='word_1_150' title='bbox 1234 1130 1349 1166; x_wconf 88' lang='lat' dir='ltr'><strong>verba</strong></span> 
     </span>
     <span class='ocr_line' id='line_1_20' title="bbox 111 1178 1350 1229; baseline 0.003 -14"><span class='ocrx_word' id='word_1_151' title='bbox 111 1180 221 1218; x_wconf 74' lang='lat' dir='ltr'><strong>facit:</strong></span> <span class='ocrx_word' id='word_1_152' title='bbox 252 1194 334 1217; x_wconf 90' lang='lat' dir='ltr'><strong>sese</strong></span> <span class='ocrx_word' id='word_1_153' title='bbox 355 1194 485 1229; x_wconf 84' lang='lat' dir='ltr'><strong>pacem</strong></span> <span class='ocrx_word' id='word_1_154' title='bbox 505 1193 655 1228; x_wconf 85' lang='lat' dir='ltr'><strong>cupere,</strong></span> <span class='ocrx_word' id='word_1_155' title='bbox 676 1179 742 1215; x_wconf 89' lang='lat' dir='ltr'><strong>sed</strong></span> <span class='ocrx_word' id='word_1_156' title='bbox 760 1178 955 1228; x_wconf 76' lang='lat' dir='ltr'><strong>Jugurthae</strong></span> <span class='ocrx_word' id='word_1_157' title='bbox 979 1180 1210 1217; x_wconf 80' lang='lat' dir='ltr'><strong>fortunarum</strong></span> <span class='ocrx_word' id='word_1_158' title='bbox 1239 1183 1350 1220; x_wconf 88' lang='lat' dir='ltr'><strong>mise-</strong></span> 
     </span>
     <span class='ocr_line' id='line_1_21' title="bbox 108 1233 1350 1283; baseline 0.003 -15"><span class='ocrx_word' id='word_1_159' title='bbox 108 1234 201 1270; x_wconf 89' lang='lat' dir='ltr'><strong>reri:</strong></span> <span class='ocrx_word' id='word_1_160' title='bbox 234 1235 264 1270; x_wconf 90' lang='lat' dir='ltr'><strong>si</strong></span> <span class='ocrx_word' id='word_1_161' title='bbox 295 1234 424 1271; x_wconf 78' lang='lat' dir='ltr'><strong>eadem</strong></span> <span class='ocrx_word' id='word_1_162' title='bbox 453 1233 505 1268; x_wconf 90' lang='lat' dir='ltr'><strong>illi</strong></span> <span class='ocrx_word' id='word_1_163' title='bbox 537 1233 643 1283; x_wconf 87' lang='lat' dir='ltr'><strong>copia</strong></span> <span class='ocrx_word' id='word_1_164' title='bbox 674 1233 791 1277; x_wconf 78' lang='lat' dir='ltr'><strong>fieret,</strong></span> <span class='ocrx_word' id='word_1_165' title='bbox 817 1233 940 1268; x_wconf 86' lang='lat' dir='ltr'><strong>omnia</strong></span> <span class='ocrx_word' id='word_1_166' title='bbox 959 1240 1198 1270; x_wconf 85' lang='lat' dir='ltr'><strong>conventura.</strong></span> <span class='ocrx_word' id='word_1_167' title='bbox 1257 1234 1350 1272; x_wconf 81' lang='lat' dir='ltr'><strong>Rur-</strong></span> 
     </span>
     <span class='ocr_line' id='line_1_22' title="bbox 109 1285 1347 1337; baseline 0.004 -15.004"><span class='ocrx_word' id='word_1_168' title='bbox 109 1287 172 1323; x_wconf 79' lang='lat' dir='ltr'><strong>sus</strong></span> <span class='ocrx_word' id='word_1_169' title='bbox 206 1287 419 1337; x_wconf 80' lang='lat' dir='ltr'><strong>imperator,</strong></span> <span class='ocrx_word' id='word_1_170' title='bbox 456 1291 585 1323; x_wconf 85' lang='lat' dir='ltr'><strong>contra</strong></span> <span class='ocrx_word' id='word_1_171' title='bbox 621 1285 808 1334; x_wconf 81' lang='lat' dir='ltr'><strong>postulata</strong></span> <span class='ocrx_word' id='word_1_172' title='bbox 841 1286 995 1330; x_wconf 85' lang='lat' dir='ltr'><strong>Bocchi,</strong></span> <span class='ocrx_word' id='word_1_173' title='bbox 1032 1288 1188 1323; x_wconf 80' lang='lat' dir='ltr'><strong>nuncios</strong></span> <span class='ocrx_word' id='word_1_174' title='bbox 1225 1289 1347 1327; x_wconf 82' lang='lat' dir='ltr'><strong>mittit.</strong></span> 
     </span>
     <span class='ocr_line' id='line_1_23' title="bbox 105 1338 1348 1390; baseline 0.003 -15"><span class='ocrx_word' id='word_1_175' title='bbox 105 1339 175 1377; x_wconf 86' lang='lat' dir='ltr'><strong>Ille</strong></span> <span class='ocrx_word' id='word_1_176' title='bbox 213 1342 371 1390; x_wconf 87' lang='lat' dir='ltr'><strong>probare</strong></span> <span class='ocrx_word' id='word_1_177' title='bbox 410 1338 555 1389; x_wconf 73' lang='lat' dir='ltr'><strong>partim,</strong></span> <span class='ocrx_word' id='word_1_178' title='bbox 588 1339 661 1375; x_wconf 88' lang='lat' dir='ltr'><strong>alia</strong></span> <span class='ocrx_word' id='word_1_179' title='bbox 692 1340 869 1375; x_wconf 81' lang='lat' dir='ltr'><strong>abnuere.</strong></span> <span class='ocrx_word' id='word_1_180' title='bbox 923 1339 979 1375; x_wconf 88' lang='grc' dir='ltr'><strong>ΕΟ</strong></span> <span class='ocrx_word' id='word_1_181' title='bbox 1014 1340 1139 1385; x_wconf 84' lang='lat' dir='ltr'><strong>modo,</strong></span> <span class='ocrx_word' id='word_1_182' title='bbox 1166 1354 1266 1390; x_wconf 85' lang='lat' dir='ltr'><strong>saepe</strong></span> <span class='ocrx_word' id='word_1_183' title='bbox 1298 1344 1348 1380; x_wconf 81' lang='lat' dir='ltr'><strong>ab</strong></span> 
     </span>
     <span class='ocr_line' id='line_1_24' title="bbox 108 1392 1347 1444; baseline 0.002 -15"><span class='ocrx_word' id='word_1_184' title='bbox 108 1400 263 1444; x_wconf 84' lang='lat' dir='ltr'><strong>utroque</strong></span> <span class='ocrx_word' id='word_1_185' title='bbox 300 1394 423 1430; x_wconf 85' lang='lat' dir='ltr'><strong>missis</strong></span> <span class='ocrx_word' id='word_1_186' title='bbox 455 1393 692 1442; x_wconf 83' lang='lat' dir='ltr'><strong>remissisque</strong></span> <span class='ocrx_word' id='word_1_187' title='bbox 723 1392 883 1435; x_wconf 84' lang='lat' dir='ltr'><strong>nunciis,</strong></span> <span class='ocrx_word' id='word_1_188' title='bbox 909 1398 1056 1441; x_wconf 87' lang='lat' dir='ltr'><strong>tempus</strong></span> <span class='ocrx_word' id='word_1_189' title='bbox 1075 1394 1291 1442; x_wconf 81' lang='lat' dir='ltr'><strong>procedere,</strong></span> <span class='ocrx_word' id='word_1_190' title='bbox 1310 1402 1347 1432; x_wconf 83' lang='lat' dir='ltr'><strong>et</strong></span> 
     </span>
     <span class='ocr_line' id='line_1_25' title="bbox 109 1446 1028 1492; baseline -0.003 -8"><span class='ocrx_word' id='word_1_191' title='bbox 109 1461 155 1483; x_wconf 80' lang='lat' dir='ltr'><strong>ex</strong></span> <span class='ocrx_word' id='word_1_192' title='bbox 177 1447 323 1484; x_wconf 81' lang='lat' dir='ltr'><strong>Metelli</strong></span> <span class='ocrx_word' id='word_1_193' title='bbox 342 1447 545 1492; x_wconf 81' lang='lat' dir='ltr'><strong>voluntate,</strong></span> <span class='ocrx_word' id='word_1_194' title='bbox 563 1446 703 1483; x_wconf 84' lang='lat' dir='ltr'><strong>bellum</strong></span> <span class='ocrx_word' id='word_1_195' title='bbox 722 1447 901 1482; x_wconf 80' lang='lat' dir='ltr'><strong>intactum</strong></span> <span class='ocrx_word' id='word_1_196' title='bbox 921 1446 1028 1482; x_wconf 84' lang='lat' dir='ltr'><strong>trahi.</strong></span> 
     </span>
    </p>

    <p class='ocr_par' dir='ltr' id='par_1_4' title="bbox 98 1498 1347 2403">
     <span class='ocr_line' id='line_1_26' title="bbox 159 1498 1347 1558; baseline 0.001 -22"><span class='ocrx_word' id='word_1_197' title='bbox 159 1500 211 1538; x_wconf 84' lang='lat' dir='ltr'><strong>At</strong></span> <span class='ocrx_word' id='word_1_198' title='bbox 241 1501 398 1545; x_wconf 83' lang='lat' dir='ltr'><strong>Marius,</strong></span> <span class='ocrx_word' id='word_1_199' title='bbox 430 1498 482 1535; x_wconf 82' lang='lat' dir='ltr'><strong>uti</strong></span> <span class='ocrx_word' id='word_1_200' title='bbox 509 1513 622 1548; x_wconf 85' lang='lat' dir='ltr'><strong>supra</strong></span> <span class='ocrx_word' id='word_1_201' title='bbox 641 1499 814 1558; x_wconf 73' lang='lat' dir='ltr'><strong>dixilnu5‚</strong></span> <span class='ocrx_word' id='word_1_202' title='bbox 835 1498 1113 1547; x_wconf 66' lang='lat' dir='ltr'><strong>cupientissima</strong></span> <span class='ocrx_word' id='word_1_203' title='bbox 1131 1499 1239 1548; x_wconf 88' lang='lat' dir='ltr'><strong>plebe</strong></span> <span class='ocrx_word' id='word_1_204' title='bbox 1260 1515 1347 1538; x_wconf 86' lang='lat' dir='ltr'><strong>con-</strong></span> 
     </span>
     <span class='ocr_line' id='line_1_27' title="bbox 106 1552 1346 1603; baseline 0.002 -14.002"><span class='ocrx_word' id='word_1_205' title='bbox 106 1553 164 1590; x_wconf 88' lang='lat' dir='ltr'><strong>sul</strong></span> <span class='ocrx_word' id='word_1_206' title='bbox 199 1555 334 1600; x_wconf 81' lang='lat' dir='ltr'><strong>faetus,</strong></span> <span class='ocrx_word' id='word_1_207' title='bbox 369 1552 569 1603; x_wconf 69' lang='lat' dir='ltr'><strong>postquam</strong></span> <span class='ocrx_word' id='word_1_208' title='bbox 607 1552 640 1589; x_wconf 89' lang='lat' dir='ltr'><strong>ei</strong></span> <span class='ocrx_word' id='word_1_209' title='bbox 673 1552 903 1601; x_wconf 80' lang='lat' dir='ltr'><strong>provinciam</strong></span> <span class='ocrx_word' id='word_1_210' title='bbox 935 1552 1150 1588; x_wconf 73' lang='lat' dir='ltr'><strong>Numidiam</strong></span> <span class='ocrx_word' id='word_1_211' title='bbox 1184 1554 1346 1603; x_wconf 89' lang='lat' dir='ltr'><strong>populus</strong></span> 
     </span>
     <span class='ocr_line' id='line_1_28' title="bbox 101 1606 1343 1658; baseline 0.001 -14"><span class='ocrx_word' id='word_1_212' title='bbox 101 1607 358 1657; x_wconf 64' lang='grc' dir='ltr'><strong>ι1115511,311163</strong></span> <span class='ocrx_word' id='word_1_213' title='bbox 383 1609 460 1657; x_wconf 77' lang='lat' dir='ltr'><strong>jani</strong></span> <span class='ocrx_word' id='word_1_214' title='bbox 479 1607 634 1642; x_wconf 62' lang='lat' dir='ltr'><strong>infestus</strong></span> <span class='ocrx_word' id='word_1_215' title='bbox 654 1606 850 1650; x_wconf 80' lang='lat' dir='ltr'><strong>nobilitati,</strong></span> <span class='ocrx_word' id='word_1_216' title='bbox 870 1612 947 1642; x_wconf 90' lang='lat' dir='ltr'><strong>tum</strong></span> <span class='ocrx_word' id='word_1_217' title='bbox 967 1619 1055 1642; x_wconf 85' lang='lat' dir='ltr'><strong>vero</strong></span> <span class='ocrx_word' id='word_1_218' title='bbox 1075 1606 1211 1643; x_wconf 85' lang='lat' dir='ltr'><strong>multus</strong></span> <span class='ocrx_word' id='word_1_219' title='bbox 1233 1613 1343 1658; x_wconf 80' lang='lat' dir='ltr'><strong>atque</strong></span> 
     </span>
     <span class='ocr_line' id='line_1_29' title="bbox 106 1657 1340 1709; baseline 0.002 -13"><span class='ocrx_word' id='word_1_220' title='bbox 106 1661 212 1697; x_wconf 86' lang='lat' dir='ltr'><strong>serox</strong></span> <span class='ocrx_word' id='word_1_221' title='bbox 250 1662 407 1698; x_wconf 86' lang='lat' dir='ltr'><strong>instare:</strong></span> <span class='ocrx_word' id='word_1_222' title='bbox 452 1660 620 1709; x_wconf 75' lang='lat' dir='ltr'><strong>singulos</strong></span> <span class='ocrx_word' id='word_1_223' title='bbox 656 1658 783 1704; x_wconf 77' lang='lat' dir='ltr'><strong>modo,</strong></span> <span class='ocrx_word' id='word_1_224' title='bbox 815 1657 924 1694; x_wconf 75' lang='lat' dir='ltr'><strong>modo</strong></span> <span class='ocrx_word' id='word_1_225' title='bbox 958 1659 1150 1696; x_wconf 89' lang='lat' dir='ltr'><strong>universos</strong></span> <span class='ocrx_word' id='word_1_226' title='bbox 1183 1660 1340 1698; x_wconf 84' lang='lat' dir='ltr'><strong>laedere.</strong></span> 
     </span>
     <span class='ocr_line' id='line_1_30' title="bbox 106 1711 1338 1764; baseline 0.002 -15"><span class='ocrx_word' id='word_1_227' title='bbox 106 1714 287 1760; x_wconf 83' lang='lat' dir='ltr'><strong>dictitare,</strong></span> <span class='ocrx_word' id='word_1_228' title='bbox 319 1729 399 1751; x_wconf 90' lang='lat' dir='ltr'><strong>sese</strong></span> <span class='ocrx_word' id='word_1_229' title='bbox 433 1714 664 1750; x_wconf 76' lang='lat' dir='ltr'><strong>consulatum</strong></span> <span class='ocrx_word' id='word_1_230' title='bbox 698 1725 744 1749; x_wconf 88' lang='lat' dir='ltr'><strong>ex</strong></span> <span class='ocrx_word' id='word_1_231' title='bbox 776 1712 883 1748; x_wconf 79' lang='lat' dir='ltr'><strong>vietis</strong></span> <span class='ocrx_word' id='word_1_232' title='bbox 915 1711 989 1748; x_wconf 87' lang='lat' dir='ltr'><strong>illis</strong></span> <span class='ocrx_word' id='word_1_233' title='bbox 1023 1712 1143 1761; x_wconf 75' lang='lat' dir='ltr'><strong>spolia</strong></span> <span class='ocrx_word' id='word_1_234' title='bbox 1173 1715 1338 1764; x_wconf 81' lang='lat' dir='ltr'><strong>cepisse.</strong></span> 
     </span>
     <span class='ocr_line' id='line_1_31' title="bbox 104 1764 1342 1817; baseline 0 -13"><span class='ocrx_word' id='word_1_235' title='bbox 104 1767 178 1804; x_wconf 86' lang='grc'>3113</span> <span class='ocrx_word' id='word_1_236' title='bbox 214 1767 397 1817; x_wconf 68' lang='lat' dir='ltr'><strong>praeterea</strong></span> <span class='ocrx_word' id='word_1_237' title='bbox 431 1766 627 1817; x_wconf 82' lang='lat' dir='ltr'><strong>magnifica</strong></span> <span class='ocrx_word' id='word_1_238' title='bbox 661 1779 729 1815; x_wconf 89' lang='lat' dir='ltr'><strong>pro</strong></span> <span class='ocrx_word' id='word_1_239' title='bbox 766 1779 819 1811; x_wconf 78' lang='lat' dir='ltr'><strong>se,</strong></span> <span class='ocrx_word' id='word_1_240' title='bbox 857 1771 892 1802; x_wconf 81' lang='lat' dir='ltr'><strong>et</strong></span> <span class='ocrx_word' id='word_1_241' title='bbox 928 1764 999 1801; x_wconf 83' lang='lat' dir='ltr'><strong>illis</strong></span> <span class='ocrx_word' id='word_1_242' title='bbox 1036 1765 1212 1804; x_wconf 78' lang='lat' dir='ltr'><strong>dolentia.</strong></span> <span class='ocrx_word' id='word_1_243' title='bbox 1281 1768 1342 1804; x_wconf 91' lang='lat' dir='ltr'><strong>In-</strong></span> 
     </span>
     <span class='ocr_line' id='line_1_32' title="bbox 104 1819 1340 1870; baseline 0 -13"><span class='ocrx_word' id='word_1_244' title='bbox 104 1819 226 1867; x_wconf 84' lang='lat' dir='ltr'><strong>terim,</strong></span> <span class='ocrx_word' id='word_1_245' title='bbox 260 1835 344 1870; x_wconf 83' lang='lat' dir='ltr'><strong>quae</strong></span> <span class='ocrx_word' id='word_1_246' title='bbox 377 1820 475 1857; x_wconf 87' lang='lat' dir='ltr'><strong>bello</strong></span> <span class='ocrx_word' id='word_1_247' title='bbox 508 1833 601 1869; x_wconf 89' lang='lat' dir='ltr'><strong>opus</strong></span> <span class='ocrx_word' id='word_1_248' title='bbox 647 1824 764 1864; x_wconf 81' lang='lat' dir='ltr'><strong>erant,</strong></span> <span class='ocrx_word' id='word_1_249' title='bbox 795 1819 915 1868; x_wconf 86' lang='lat' dir='ltr'><strong>prima</strong></span> <span class='ocrx_word' id='word_1_250' title='bbox 949 1819 1108 1855; x_wconf 89' lang='lat' dir='ltr'><strong>habere:</strong></span> <span class='ocrx_word' id='word_1_251' title='bbox 1153 1820 1340 1868; x_wconf 83' lang='lat' dir='ltr'><strong>postulare</strong></span> 
     </span>
     <span class='ocr_line' id='line_1_33' title="bbox 102 1872 1340 1924; baseline 0 -14"><span class='ocrx_word' id='word_1_252' title='bbox 102 1873 313 1923; x_wconf 82' lang='lat' dir='ltr'><strong>legionibus</strong></span> <span class='ocrx_word' id='word_1_253' title='bbox 339 1874 666 1924; x_wconf 77' lang='lat' dir='ltr'><strong>supplementum3</strong></span> <span class='ocrx_word' id='word_1_254' title='bbox 695 1872 833 1908; x_wconf 85' lang='lat' dir='ltr'><strong>auxilia</strong></span> <span class='ocrx_word' id='word_1_255' title='bbox 863 1872 885 1908; x_wconf 75' lang='grc'><strong>3</strong></span> <span class='ocrx_word' id='word_1_256' title='bbox 915 1872 1079 1922; x_wconf 85' lang='lat' dir='ltr'><strong>populis,</strong></span> <span class='ocrx_word' id='word_1_257' title='bbox 1111 1878 1147 1909; x_wconf 88' lang='lat' dir='ltr'><strong>et</strong></span> <span class='ocrx_word' id='word_1_258' title='bbox 1177 1875 1340 1923; x_wconf 83' lang='lat' dir='ltr'><strong>regibus,</strong></span> 
     </span>
     <span class='ocr_line' id='line_1_34' title="bbox 101 1925 1339 1977; baseline 0.001 -14"><span class='ocrx_word' id='word_1_259' title='bbox 101 1928 287 1977; x_wconf 89' lang='lat' dir='ltr'><strong>sociisque</strong></span> <span class='ocrx_word' id='word_1_260' title='bbox 341 1941 556 1972; x_wconf 86' lang='lat' dir='ltr'><strong>accersere;</strong></span> <span class='ocrx_word' id='word_1_261' title='bbox 601 1925 783 1975; x_wconf 66' lang='lat' dir='ltr'><strong>praetereei</strong></span> <span class='ocrx_word' id='word_1_262' title='bbox 836 1939 881 1962; x_wconf 89' lang='lat' dir='ltr'><strong>ex</strong></span> <span class='ocrx_word' id='word_1_263' title='bbox 928 1926 1037 1962; x_wconf 80' lang='lat' dir='ltr'><strong>Latio</strong></span> <span class='ocrx_word' id='word_1_264' title='bbox 1086 1926 1339 1964; x_wconf 85' lang='lat' dir='ltr'><strong>fortissumum</strong></span> 
     </span>
     <span class='ocr_line' id='line_1_35' title="bbox 103 1979 1339 2031; baseline -0.001 -13"><span class='ocrx_word' id='word_1_265' title='bbox 103 1995 303 2031; x_wconf 85' lang='lat' dir='ltr'><strong>quemque,</strong></span> <span class='ocrx_word' id='word_1_266' title='bbox 320 1981 520 2031; x_wconf 87' lang='lat' dir='ltr'><strong>plerosque</strong></span> <span class='ocrx_word' id='word_1_267' title='bbox 540 1979 682 2024; x_wconf 63' lang='lat' dir='ltr'><strong>militia,</strong></span> <span class='ocrx_word' id='word_1_268' title='bbox 702 1993 840 2028; x_wconf 88' lang='lat' dir='ltr'><strong>paucos</strong></span> <span class='ocrx_word' id='word_1_269' title='bbox 870 1979 966 2015; x_wconf 60' lang='lat' dir='ltr'><strong>fama</strong></span> <span class='ocrx_word' id='word_1_270' title='bbox 996 1980 1178 2028; x_wconf 74' lang='lat' dir='ltr'><strong>cognit08‚</strong></span> <span class='ocrx_word' id='word_1_271' title='bbox 1205 1980 1339 2027; x_wconf 84' lang='lat' dir='ltr'><strong>accire,</strong></span> 
     </span>
     <span class='ocr_line' id='line_1_36' title="bbox 100 2033 1337 2083; baseline 0 -13"><span class='ocrx_word' id='word_1_272' title='bbox 100 2041 149 2079; x_wconf 78' lang='lat' dir='ltr'><strong>et,</strong></span> <span class='ocrx_word' id='word_1_273' title='bbox 179 2035 394 2079; x_wconf 74' lang='lat' dir='ltr'><strong>ambiundo,</strong></span> <span class='ocrx_word' id='word_1_274' title='bbox 426 2047 558 2083; x_wconf 82' lang='lat' dir='ltr'><strong>cogere</strong></span> <span class='ocrx_word' id='word_1_275' title='bbox 587 2033 756 2069; x_wconf 84' lang='lat' dir='ltr'><strong>homines</strong></span> <span class='ocrx_word' id='word_1_276' title='bbox 788 2033 950 2069; x_wconf 84' lang='lat' dir='ltr'><strong>emeritis</strong></span> <span class='ocrx_word' id='word_1_277' title='bbox 982 2033 1174 2082; x_wconf 80' lang='lat' dir='ltr'><strong>stipendiis</strong></span> <span class='ocrx_word' id='word_1_278' title='bbox 1211 2047 1337 2070; x_wconf 89' lang='grc'>56611111</span> 
     </span>
     <span class='ocr_line' id='line_1_37' title="bbox 103 2085 1338 2136; baseline 0.002 -15"><span class='ocrx_word' id='word_1_279' title='bbox 103 2088 299 2136; x_wconf 80' lang='lat' dir='ltr'><strong>proficisci.</strong></span> <span class='ocrx_word' id='word_1_280' title='bbox 351 2088 487 2136; x_wconf 80' lang='lat' dir='ltr'><strong>Neque</strong></span> <span class='ocrx_word' id='word_1_281' title='bbox 506 2086 560 2123; x_wconf 90' lang='lat' dir='ltr'><strong>illi</strong></span> <span class='ocrx_word' id='word_1_282' title='bbox 580 2092 742 2129; x_wconf 86' lang='lat' dir='ltr'><strong>senatus,</strong></span> <span class='ocrx_word' id='word_1_283' title='bbox 775 2085 1004 2136; x_wconf 66' lang='lat' dir='ltr'><strong>quamquam</strong></span> <span class='ocrx_word' id='word_1_284' title='bbox 1037 2087 1216 2122; x_wconf 85' lang='lat' dir='ltr'><strong>advorsus</strong></span> <span class='ocrx_word' id='word_1_285' title='bbox 1246 2094 1338 2131; x_wconf 85' lang='lat' dir='ltr'><strong>erat,</strong></span> 
     </span>
     <span class='ocr_line' id='line_1_38' title="bbox 102 2139 1337 2189; baseline 0.001 -13"><span class='ocrx_word' id='word_1_286' title='bbox 102 2141 147 2178; x_wconf 89' lang='lat' dir='ltr'><strong>de</strong></span> <span class='ocrx_word' id='word_1_287' title='bbox 184 2141 260 2178; x_wconf 93' lang='lat' dir='ltr'><strong>ullo</strong></span> <span class='ocrx_word' id='word_1_288' title='bbox 296 2141 444 2189; x_wconf 84' lang='lat' dir='ltr'><strong>negotio</strong></span> <span class='ocrx_word' id='word_1_289' title='bbox 478 2153 615 2189; x_wconf 84' lang='lat' dir='ltr'><strong>negare</strong></span> <span class='ocrx_word' id='word_1_290' title='bbox 653 2139 836 2175; x_wconf 85' lang='lat' dir='ltr'><strong>audebat:</strong></span> <span class='ocrx_word' id='word_1_291' title='bbox 887 2139 1064 2176; x_wconf 73' lang='lat' dir='ltr'><strong>caeterum</strong></span> <span class='ocrx_word' id='word_1_292' title='bbox 1099 2139 1337 2187; x_wconf 87' lang='lat' dir='ltr'><strong>supplemen—</strong></span> 
     </span>
     <span class='ocr_line' id='line_1_39' title="bbox 100 2191 1338 2242; baseline 0.001 -13"><span class='ocrx_word' id='word_1_293' title='bbox 100 2200 178 2230; x_wconf 81' lang='lat' dir='ltr'><strong>tum</strong></span> <span class='ocrx_word' id='word_1_294' title='bbox 215 2195 324 2231; x_wconf 82' lang='lat' dir='ltr'><strong>etiarn</strong></span> <span class='ocrx_word' id='word_1_295' title='bbox 361 2194 465 2230; x_wconf 85' lang='lat' dir='ltr'><strong>laetus</strong></span> <span class='ocrx_word' id='word_1_296' title='bbox 503 2193 740 2238; x_wconf 74' lang='lat' dir='ltr'><strong>decreverat3</strong></span> <span class='ocrx_word' id='word_1_297' title='bbox 786 2192 887 2242; x_wconf 84' lang='lat' dir='ltr'><strong>quia,</strong></span> <span class='ocrx_word' id='word_1_298' title='bbox 922 2206 1043 2241; x_wconf 87' lang='lat' dir='ltr'><strong>neque</strong></span> <span class='ocrx_word' id='word_1_299' title='bbox 1076 2191 1178 2240; x_wconf 85' lang='lat' dir='ltr'><strong>plebi</strong></span> <span class='ocrx_word' id='word_1_300' title='bbox 1208 2193 1338 2230; x_wconf 83' lang='lat' dir='ltr'><strong>militia</strong></span> 
     </span>
     <span class='ocr_line' id='line_1_40' title="bbox 100 2245 1337 2298; baseline -0.001 -14"><span class='ocrx_word' id='word_1_301' title='bbox 100 2248 241 2284; x_wconf 83' lang='lat' dir='ltr'><strong>volenti</strong></span> <span class='ocrx_word' id='word_1_302' title='bbox 277 2248 490 2298; x_wconf 76' lang='lat' dir='ltr'><strong>putabatur,</strong></span> <span class='ocrx_word' id='word_1_303' title='bbox 526 2251 562 2283; x_wconf 92' lang='lat' dir='ltr'><strong>et</strong></span> <span class='ocrx_word' id='word_1_304' title='bbox 592 2245 736 2282; x_wconf 84' lang='lat' dir='ltr'><strong>Marius</strong></span> <span class='ocrx_word' id='word_1_305' title='bbox 774 2251 839 2283; x_wconf 80' lang='lat' dir='ltr'><strong>aut</strong></span> <span class='ocrx_word' id='word_1_306' title='bbox 875 2245 959 2281; x_wconf 88' lang='lat' dir='ltr'><strong>belli</strong></span> <span class='ocrx_word' id='word_1_307' title='bbox 994 2259 1113 2288; x_wconf 84' lang='lat' dir='ltr'><strong>usum,</strong></span> <span class='ocrx_word' id='word_1_308' title='bbox 1150 2252 1214 2282; x_wconf 89' lang='lat' dir='ltr'><strong>aut</strong></span> <span class='ocrx_word' id='word_1_309' title='bbox 1260 2252 1337 2283; x_wconf 83' lang='lat' dir='ltr'><strong>stu-</strong></span> 
     </span>
     <span class='ocr_line' id='line_1_41' title="bbox 102 2297 1336 2351; baseline -0.001 -14"><span class='ocrx_word' id='word_1_310' title='bbox 102 2301 164 2337; x_wconf 89' lang='lat' dir='ltr'><strong>dia</strong></span> <span class='ocrx_word' id='word_1_311' title='bbox 195 2301 299 2351; x_wconf 84' lang='lat' dir='ltr'><strong>vulgi</strong></span> <span class='ocrx_word' id='word_1_312' title='bbox 331 2302 550 2337; x_wconf 79' lang='lat' dir='ltr'><strong>amissurus.</strong></span> <span class='ocrx_word' id='word_1_313' title='bbox 602 2299 678 2336; x_wconf 89' lang='lat' dir='ltr'><strong>Sed</strong></span> <span class='ocrx_word' id='word_1_314' title='bbox 706 2312 751 2335; x_wconf 91' lang='lat' dir='ltr'><strong>ea</strong></span> <span class='ocrx_word' id='word_1_315' title='bbox 777 2313 837 2336; x_wconf 88' lang='lat' dir='ltr'><strong>res</strong></span> <span class='ocrx_word' id='word_1_316' title='bbox 868 2297 1005 2335; x_wconf 68' lang='lat' dir='ltr'><strong>frustra</strong></span> <span class='ocrx_word' id='word_1_317' title='bbox 1037 2304 1202 2347; x_wconf 85' lang='lat' dir='ltr'><strong>sperata:</strong></span> <span class='ocrx_word' id='word_1_318' title='bbox 1232 2304 1336 2336; x_wconf 83' lang='lat' dir='ltr'><strong>tanta</strong></span> 
     </span>
     <span class='ocr_line' id='line_1_42' title="bbox 98 2352 1336 2403; baseline 0 -13"><span class='ocrx_word' id='word_1_319' title='bbox 98 2353 229 2392; x_wconf 85' lang='lat' dir='ltr'><strong>lubido</strong></span> <span class='ocrx_word' id='word_1_320' title='bbox 266 2368 350 2392; x_wconf 91' lang='lat' dir='ltr'><strong>cum</strong></span> <span class='ocrx_word' id='word_1_321' title='bbox 379 2353 500 2391; x_wconf 87' lang='lat' dir='ltr'><strong>Mario</strong></span> <span class='ocrx_word' id='word_1_322' title='bbox 529 2353 641 2389; x_wconf 88' lang='lat' dir='ltr'><strong>eundi</strong></span> <span class='ocrx_word' id='word_1_323' title='bbox 659 2352 857 2402; x_wconf 88' lang='lat' dir='ltr'><strong>plerosque</strong></span> <span class='ocrx_word' id='word_1_324' title='bbox 876 2352 1074 2390; x_wconf 86' lang='lat' dir='ltr'><strong>invaserat.</strong></span> <span class='ocrx_word' id='word_1_325' title='bbox 1128 2352 1218 2389; x_wconf 88' lang='lat' dir='ltr'><strong>Sese</strong></span> <span class='ocrx_word' id='word_1_326' title='bbox 1237 2354 1336 2403; x_wconf 87' lang='lat' dir='ltr'><strong>quis-</strong></span> 
     </span>
    </p>
   </div>
  </div>
 </body>
</html>
