1492 2531
169 102 242 140 166
377 102 732 141 DECLAMATlO
761 105 821 142 IN
849 104 908 142 SA
915 105 1198 145 LLUSTIUM.

166 213 343 255 quantum
362 208 483 256 potuit
513 213 576 243 aut
603 208 675 244 fide
704 208 893 245 nominum
925 210 1086 260 transjici
1115 216 1179 247 aut
1214 211 1251 247 in
1285 224 1398 249 naves

166 261 345 297 contrudi.
418 260 593 304 Tantum,
625 262 790 310 inquam,
821 262 864 298 P.
902 263 960 308 C„
997 263 1179 308 exhausit,
1218 264 1398 314 quantum

165 313 293 350 voluit.
346 312 408 349 Ne
428 327 577 350 causam
595 314 748 361 diceret,
768 315 939 352 sestertio
967 316 1164 353 duodecies
1195 330 1279 354 cum
1316 317 1399 354 Cae-

167 380 247 403 sare
277 366 487 416 paciscitur.
545 366 657 411 Quod
689 368 719 404 si
754 368 945 418 quippiam
981 382 1108 406 eorum
1140 369 1277 407 falsum
1314 377 1395 408 est:

166 418 226 457 hic
246 418 369 469 palam
387 420 526 466 refelle,
545 422 643 457 unde
666 426 719 462 tu,
739 422 802 471 qui
833 420 943 458 modo
973 436 1019 458 ne
1037 428 1229 471 paternam
1248 424 1397 473 quidem

166 474 315 510 domum
333 473 512 510 redimere
531 474 710 523 potueris,
729 475 894 524 repente,
919 480 1105 525 tamquam
1137 477 1277 513 somnio
1307 478 1399 514 bea-

165 532 238 571 tus,
275 526 399 563 hortos
434 528 734 576 pretiosissimos,
770 528 895 565 villam
943 528 1089 565 Tiburti
1133 529 1173 566 C.
1225 530 1397 574 Caesaris,

165 580 323 630 reliquas
347 581 602 629 possessiones
634 582 856 630 paraveris?
891 581 1026 632 Neque
1061 582 1179 632 piguit
1214 595 1395 632 quaerere,

166 647 231 670 cur
250 648 320 684 ego
348 633 393 670 P.
422 633 548 671 Crassi
580 635 730 671 domum
749 636 942 681 emissem3
970 649 1052 671 cum
1073 641 1114 672 tu
1132 636 1268 673 veteris
1296 636 1394 673 villae

165 687 335 724 dominus
355 687 418 733 sis,
444 688 549 738 cujus
568 687 677 736 paulo
708 687 792 725 ante
822 689 942 725 fuerat
979 689 1136 727 Caesar'?
1177 687 1312 736 Modo,
1347 691 1401 726 in·

165 754 290 790 quam,
309 741 531 790 patrimonio
551 755 624 777 non
644 755 805 787 comeso,
837 742 903 778 sed
934 742 1132 788 devorat03
1173 743 1310 791 quibus
1338 757 1398 779 ra-

165 794 328 831 tionibus
348 793 500 844 repente
532 795 652 831 factus
686 809 725 832 es
753 801 827 832 tam
862 795 1030 840 affluens,
1061 801 1097 832 et
1126 801 1201 832 tam
1236 797 1400 834 beatus?

164 847 267 884 Nam
295 848 378 898 quis
396 854 431 884 te
451 847 590 885 faceret
604 848 803 894 haeredem,
834 862 945 898 quem
977 863 1022 885 ne
1059 849 1218 885 amicum
1250 850 1398 899 quidem

166 914 275 938 suum
294 900 385 938 satis
405 901 602 938 honestum
633 902 828 961 quisquam
847 902 903 938 sib
936 902 1051 948 ducit,
1086 902 1158 939 nisi
1188 902 1329 949 similis,
1356 916 1398 939 ac

165 968 232 1003 par
250 954 335 991 tui?
390 954 442 992 At
469 953 619 992 hercule
656 957 808 1006 egregia
835 955 933 991 facta
967 956 1149 1006 majorum
1180 961 1327 993 tuorum
1363 961 1398 993 te

165 1007 374 1053 extollunt3
403 1021 560 1057 quorum
580 1009 657 1046 sive
688 1014 729 1045 tu
765 1022 805 1045 es
834 1008 974 1053 similis,
1012 1022 1088 1045 Sive
1124 1008 1178 1045 illi
1207 1009 1274 1053 tui,
1309 1009 1399 1046 nihil

165 1061 213 1097 ad
228 1062 390 1098 omnium
410 1061 531 1099 scelus
550 1076 591 1098 ac
619 1062 820 1112 nequitiam
853 1062 940 1098 addi
969 1067 1104 1111 potest.
1174 1061 1329 1108 Verum,
1358 1068 1399 1100 ut

165 1115 308 1164 opinor,
344 1115 500 1152 honores
534 1115 587 1152 tui
622 1121 658 1152 te
694 1116 834 1152 faciunt
860 1114 1090 1152 insolentem.
1161 1115 1234 1160 Tu,
1269 1093 1398 1165 Crispe

166 1167 331 1214 Sallusti,
359 1169 535 1206 tantidem
554 1174 663 1218 putas
683 1183 764 1206 esse
796 1168 855 1205 bis
880 1174 1102 1212 senatorem,
1134 1174 1170 1205 et
1197 1169 1255 1205 bis
1284 1182 1402 1219 quaes-

163 1228 282 1259 torem
316 1222 408 1268 fieri,
438 1223 567 1272 quanti
596 1223 655 1259 bis
685 1221 928 1265 consularem,
962 1227 998 1258 et
1024 1222 1082 1259 bis
1113 1222 1401 1272 triumphalem?

166 1274 299 1313 Carere
320 1276 432 1312 debet
459 1276 556 1312 omni
581 1276 684 1320 vitio,
719 1276 783 1325 qui
817 1275 855 1311 in
891 1275 1045 1312 alterum
1073 1281 1224 1325 paratus
1259 1282 1317 1313 est
1349 1276 1403 1312 di-

165 1342 260 1366 cere.
315 1329 354 1365 Is
386 1329 534 1366 demum
562 1329 761 1375 maledicit,
781 1329 937 1379 quinon
969 1334 1092 1377 potest
1115 1343 1242 1366 verum
1279 1331 1326 1366 ab
1346 1330 1397 1366 al-

164 1388 242 1419 tero
262 1383 400 1420 audire.
455 1382 532 1420 Sed
549 1388 603 1428 tu,
624 1383 785 1419 omnium
813 1395 1023 1419 mensarum
1051 1382 1209 1428 assecla,
1237 1383 1400 1420 omnium

168 1436 423 1473 cubiculorum
440 1436 478 1472 in
497 1442 604 1474 aetate
629 1436 764 1485 pellex,
796 1441 832 1472 et
858 1436 957 1473 idem
985 1441 1118 1485 postea
1134 1436 1293 1483 adulter,
1321 1449 1400 1473 om-

168 1490 225 1527 nis
259 1490 394 1526 ordinis
413 1490 599 1539 turpitudo
620 1503 672 1535 es,
698 1496 734 1527 et
766 1489 882 1526 civilis
920 1489 1010 1526 belli
1054 1490 1241 1526 memoria.
1297 1489 1400 1534 Quid

165 1543 263 1580 enim
298 1543 447 1593 gravius
467 1544 542 1592 pati
560 1544 763 1593 potuimus,
788 1542 901 1592 quam
919 1541 1022 1592 quod
1056 1547 1091 1579 te
1109 1542 1331 1580 incolumem
1362 1543 1399 1579 in

165 1597 235 1634 hoc
255 1597 383 1634 ordine
402 1596 623 1634 videamus?
675 1597 815 1634 Desine
850 1597 968 1632 bonos
987 1595 1284 1645 petulantissima
1316 1610 1401 1633 con-

168 1650 299 1687 sectari
315 1650 445 1700 lingua
465 1668 472 1687 ;
503 1651 630 1688 desine
649 1651 778 1687 morbo
798 1649 1033 1699 procacitatis
1058 1649 1130 1685 isto
1150 1650 1226 1686 uti:
1272 1650 1398 1687 desine

168 1717 469 1753 unumquemque
488 1704 652 1740 moribus
672 1704 745 1741 tuis
766 1704 945 1740 aestimare
964 1719 971 1740 :
1019 1703 1075 1739 his
1108 1703 1273 1740 moribus
1309 1703 1400 1740 ami-

169 1771 253 1794 cum
285 1758 352 1794 tibi
386 1758 506 1794 facere
540 1771 612 1793 non
641 1764 762 1807 potes,
780 1757 916 1794 videris
934 1756 1028 1793 velle
1046 1755 1234 1793 inimicum
1252 1756 1398 1794 habere.

170 1811 299 1848 Finem
320 1811 467 1847 dicendi
498 1811 645 1857 faciam,
683 1810 727 1848 P.
765 1810 806 1847 C.
877 1809 989 1860 Saepe
1023 1810 1120 1846 enim
1146 1809 1221 1847 vidj
1249 1810 1399 1860 gravius

171 1864 355 1901 offendere
374 1865 513 1901 animos
543 1865 751 1901 auditorum
769 1878 846 1908 eos,
883 1865 947 1913 qui
975 1863 1095 1900 aliena
1111 1863 1251 1913 flagitia
1272 1862 1400 1912 aperte

170 1918 354 1963 dixerunt,
374 1917 486 1967 quam
499 1931 561 1954 eos
583 1918 645 1968 qui
673 1918 947 1954 commiserunt.
1004 1916 1101 1952 Mihi
1129 1916 1276 1966 quidem
1307 1917 1399 1953 ratio

169 1971 339 2008 habenda
357 1977 425 2016 est,
445 1986 518 2008 non
539 1972 628 2021 quid
641 1971 839 2008 Sallustius
858 1969 987 2008 merito
1005 1971 1139 2007 debeat
1157 1969 1303 2016 audire3
1333 1970 1400 2006 sed

171 2030 211 2061 ut
229 2038 273 2062 ea
301 2025 432 2071 dicam,
452 2026 483 2063 si
502 2024 577 2076 quel
596 2038 665 2075 ego
681 2023 833 2062 honeste
849 2024 950 2062 effari
965 2037 1129 2074 possum.
