1492 2531
397 67 775 106 HISTORIARUM
806 69 1159 111 FRAGMENTA.
1297 76 1365 114 131

405 409 1102 468 FRAGMENTA

538 610 640 650 HIS
646 611 858 653 TORIAR
867 613 964 653 UM.

504 815 681 856 LIBER
722 816 1002 860 QUINTUS.

135 948 252 1028 AT
281 945 480 989 Lucullus,
516 946 641 982 audito
675 946 722 991 Q.
742 946 929 985 Marcium
951 949 1093 997 Regem
1124 964 1190 999 pro
1213 951 1363 988 consule

244 1014 312 1050 per
347 999 576 1050 Lycaoniam
609 1013 692 1035 cum
725 1001 844 1037 tribus
881 1002 1092 1053 legionibus
1129 1005 1164 1039 in
1198 1005 1364 1041 Ciliciam

134 1056 295 1092 tendere.
349 1052 594 1096 Priscianus,
613 1051 677 1089 lib.
696 1053 797 1090 xviii.

186 1108 371 1158 Legiones
391 1106 599 1142 Valerianae
619 1113 822 1154 comperto,
840 1106 924 1156 lege
946 1108 1109 1145 Gabinia
1134 1109 1362 1159 Bithyniam,

134 1170 168 1199 et
192 1162 350 1198 Pontum
370 1159 513 1196 consuli
532 1160 667 1203 datam,
683 1160 815 1196 missos
831 1174 925 1197 esse.
977 1161 1097 1206 Idem,
1120 1160 1267 1200 ebidem.

186 1215 329 1265 Regem
348 1214 623 1250 adversabatur.
678 1211 908 1250 Arusianus.

187 1268 322 1306 Caeteri
359 1266 510 1315 negotia
541 1267 792 1316 sequebantur
824 1266 1017 1303 familiaria
1046 1267 1267 1318 legatorum„
1300 1276 1365 1306 ant

133 1321 360 1358 tribunorum
379 1334 387 1365 ;
417 1326 453 1356 et
472 1333 556 1368 pars
577 1333 655 1364 sua,
682 1320 948 1357 commeatibus
967 1323 1150 1359 mercatis.
1207 1322 1364 1359 Nonius.

187 1375 234 1412 Et
252 1375 358 1411 uxori
374 1374 453 1424 ejus
471 1372 585 1409 frater
603 1380 691 1410 erat.
745 1372 966 1410 Arusianus.

145 1468 147 1470 ,
184 1429 294 1476 Saepe
320 1427 575 1464 celebritatem
602 1427 759 1463 nominis
788 1427 953 1477 intelligo
982 1427 1180 1464 timentem.
1239 1428 1365 1464 Prisc:

134 1482 155 1519 l.
175 1481 274 1518 xviii.

186 1534 306 1571 Video
325 1532 490 1583 ingentia
508 1533 605 1570 dona
624 1533 822 1582 qiiaesitum
843 1533 893 1569 iie
920 1540 1192 1582 properantem.
1245 1534 1362 1579 Idem,

135 1588 278 1625 ibidem.

185 1642 284 1679 Nam
303 1639 334 1675 si
351 1638 534 1688 Pompeio
554 1638 644 1688 quid
662 1637 810 1674 humani
829 1639 1024 1676 evenisset.
1079 1638 1309 1677 Arusianus,

189 1695 332 1737 Quibus
366 1693 409 1729 de
439 1694 559 1730 causis
590 1691 733 1728 Sullam
756 1692 793 1726 in
821 1691 974 1728 victoria
1006 1692 1237 1732 dictatorem,
1267 1707 1360 1742 equo

133 1748 371 1787 descendere,
414 1746 484 1782 sibi
521 1747 582 1783 uni
617 1758 814 1795 assurgere
851 1745 895 1781 de
932 1745 1038 1792 sella,
1075 1753 1185 1796 caput
1221 1748 1361 1796 aperire

134 1802 293 1840 solitum.
347 1799 505 1837 Nonius.
561 1797 792 1836 Arusianus.
849 1799 1013 1836 Servius.
