1492 2531
405 72 623 111 BELLUM
650 71 673 108 J
676 70 1045 110 UGURTHINUM
1050 101 1057 109 .
1294 73 1343 110 79

111 180 420 227 circumspectare
456 176 590 221 omnia,
621 180 658 211 et
692 175 790 212 omni
820 175 976 225 strepitu
1014 188 1237 224 pavescere3
1275 175 1349 213 alio

110 241 222 284 atque
239 231 323 268 xalio
358 230 439 265 loco
470 228 572 278 saepe
601 234 729 265 contra
758 229 874 265 decus
901 230 1059 279 regium,
1087 235 1200 266 noctu
1226 230 1350 279 requi-

110 300 257 323 escere:
287 283 485 328 interdum,
517 296 647 319 somno
674 282 831 328 excitus,
861 283 1015 330 arreptis
1055 282 1179 326 armis,
1211 282 1349 319 tumul-

112 347 186 376 tum
207 341 350 382 t'acere3
379 337 430 373 ita
458 336 666 381 formidine,
685 337 791 384 quasi
809 336 999 378 vecordia,
1027 335 1218 385 exagitari.
1275 336 1352 385 Igi-

110 399 168 428 tur
189 391 379 433 Metellus,
410 391 476 426 ubi
505 390 550 426 de
575 402 663 425 casu
683 389 900 425 Bomilcaris
932 397 967 425 et
998 390 1133 425 indicio
1162 389 1348 438 patefacto

109 459 154 481 ex
173 445 338 494 perfugis
372 443 572 493 cognovit3
601 442 741 488 rursus,
775 449 962 491 tamquam
993 443 1039 478 ad
1069 443 1253 492 integrum
1274 443 1354 479 bel-

108 498 184 534 lum
232 503 366 534 cuncta
400 504 507 546 parat
542 496 775 545 festinatque.
830 496 1006 540 Marium,
1056 497 1273 545 fatigantem
1306 496 1351 532 de

108 552 353 600 profectione,
389 550 500 586 simul
529 555 566 586 et
598 549 772 593 invisum,
809 555 845 587 et
883 549 1079 594 offensum,
1110 550 1181 586 sibi
1218 547 1351 599 parum

107 605 283 642 idoneum
318 610 431 649 ratus,
467 604 618 639 domum
655 603 816 640 dimittit.
871 603 920 639 Et
951 603 1084 639 Romae
1115 603 1262 652 plebes,
1292 603 1351 640 lit-

109 659 212 702 teris,
242 670 327 707 quae
357 658 402 694 de
440 656 597 693 Metello
629 670 672 692 ac
709 656 831 694 Mario
867 656 993 693 missae
1030 663 1146 702 erant,
1179 656 1354 706 cognitis,

108 711 271 748 volentia
303 710 346 747 de
379 711 563 747 ambobus
596 716 832 759 acceperant.
906 710 1127 759 Imperatori
1163 709 1352 753 nobilitas,

109 779 194 815 quae
219 763 329 801 antea
356 763 481 800 decori
513 764 646 807 fuerat,
677 764 828 800 invidiae
860 777 969 809 esse3
998 769 1035 799 at
1062 762 1116 799 illi
1145 763 1248 799 alteri
1283 776 1349 812 ge-

107 819 203 855 neris
237 817 424 854 humilitas
459 817 624 853 favorem
659 817 874 862 addiderat3
921 817 1096 854 caeterum
1115 817 1153 853 in
1193 822 1350 867 utroque

108 869 228 922 magis
258 871 379 907 studia
410 873 582 920 partium,
612 870 725 920 quam
753 872 865 913 bona,
889 876 953 907 aut
984 870 1083 907 mala
1110 884 1190 917 sua,
1222 871 1349 907 mode-

107 931 196 962 rata.
251 923 441 961 Praeterea
478 924 643 961 seditiosi
679 924 917 974 magistratus
954 924 1108 974 vulgum
1137 924 1348 974 exagitare:

107 978 302 1016 Metellum
339 979 509 1014 omnibus
547 979 790 1014 concionibus
821 978 950 1026 capitis
980 991 1192 1024 arcessere3
1237 976 1351 1013 Marii

106 1033 279 1068 virtutem
298 1033 335 1068 in
353 1033 472 1082 majus
493 1031 690 1068 celebrare.
749 1031 937 1081 Denique,
953 1031 1084 1080 plebes
1105 1032 1158 1068 sic
1178 1045 1349 1076 accensa,

108 1092 149 1122 ut
184 1086 335 1134 opifices
368 1091 610 1135 agrestesque
644 1098 786 1129 omnes,
816 1098 976 1133 quorum
1011 1098 1070 1121 res
1106 1085 1275 1135 fidesque
1311 1085 1350 1121 in

107 1139 279 1175 manibus
309 1139 389 1175 sitae
421 1144 538 1182 erant,
567 1139 704 1175 relictis
731 1138 924 1187 operibus,
948 1139 1229 1188 frequentarent
1264 1136 1349 1175 Ma-

107 1193 214 1237 rium,
231 1198 268 1229 et
296 1206 364 1229 sua
382 1192 588 1228 necessaria
606 1198 692 1241 post
714 1191 812 1228 illius
832 1192 1008 1228 honorem
1030 1192 1220 1229 ducerent.
1275 1192 1349 1236 Ita,

107 1245 284 1295 perculsa
312 1245 516 1291 nobilitate,
541 1251 628 1294 post
655 1244 792 1282 multas
815 1250 1055 1294 tempestates
1083 1259 1181 1282 novo
1207 1246 1349 1282 homini

106 1298 321 1335 consulatus
371 1299 576 1335 mandatur.
648 1299 697 1335 Et
746 1297 879 1347 postea
918 1298 1094 1347 populus,
1144 1298 1167 1335 a
1197 1300 1348 1337 tribuno

106 1352 243 1401 plebis,
277 1352 422 1389 Manlio
455 1352 639 1398 Mantino,
672 1358 840 1401 rogatus,
869 1366 979 1401 quem
1010 1352 1124 1389 vellet
1160 1366 1245 1389 cum
1278 1353 1349 1390 Ju-

107 1405 243 1455 gurtha
273 1406 414 1442 bellum
433 1419 576 1455 gerere,
613 1406 787 1455 frequens
813 1404 978 1442 Marium
1002 1406 1127 1456 jussit.
1184 1407 1261 1444 Sed
1295 1420 1349 1443 se-

106 1466 214 1495 natus
233 1457 346 1508 paulo
377 1458 462 1495 ante
497 1457 652 1496 Metello
683 1459 901 1496 Numidiam
932 1460 1158 1497 decreverat.
1211 1460 1270 1497 Ea
1288 1474 1347 1498 res

106 1511 242 1548 frustra
272 1513 353 1550 fuit.
410 1513 553 1549 Eodem
580 1518 749 1562 tempore
781 1512 991 1562 Jugurtha3
1030 1513 1175 1550 amissis
1205 1514 1348 1561 amicis,

108 1579 264 1614 quorum
283 1566 482 1615 plerosque
511 1566 592 1614 ipse
623 1572 843 1612 necaverat3
872 1567 999 1602 caeteri
1017 1567 1227 1613 formidine,
1260 1581 1347 1617 pars

107 1619 155 1655 ad
181 1619 384 1663 Romanos,
417 1619 479 1655 alii
503 1620 551 1655 ad
581 1633 706 1670 regem
737 1620 942 1665 Bocchum,
967 1621 1232 1670 profugeraut;
1263 1621 1348 1657 cum

107 1686 229 1721 neque
263 1672 400 1709 bellum
429 1673 508 1723 geri
544 1672 623 1710 sine
661 1673 884 1710 administris
922 1679 1064 1722 posset,
1101 1680 1138 1710 et
1166 1688 1348 1711 novorum

106 1725 218 1761 fidem
238 1726 274 1761 in
294 1725 397 1763 tanta
421 1725 579 1775 perfidia
597 1732 762 1763 veterum
782 1727 942 1776 experiri
961 1727 1213 1775 periculosum
1232 1728 1348 1765 duce-

106 1784 182 1821 ret;
215 1779 334 1815 varius
363 1780 600 1828 incertusque
630 1781 864 1830 agitabatur:
894 1794 1015 1829 neque
1039 1781 1093 1817 illi
1117 1795 1189 1825 res,
1224 1795 1349 1832 neque

107 1832 316 1877 consilium,
353 1839 416 1869 aut
447 1833 644 1882 quisquam
680 1833 884 1880 hominum,
921 1833 1011 1870 satis
1048 1834 1248 1884 placebat3
1292 1836 1351 1873 iti-

106 1899 194 1922 nera
214 1886 486 1936 praesectosque
505 1887 543 1922 in
563 1887 640 1923 dies
660 1893 825 1934 mutare3
856 1887 968 1924 modo
988 1886 1189 1925 advorsum
1208 1888 1348 1936 hostes,

106 1939 290 1976 interdum
322 1940 359 1975 in
392 1940 610 1977 solitudines
639 1955 817 1990 pergere;
854 1940 958 1989 saepe
987 1942 1025 1978 in
1058 1942 1160 1992 suga,
1192 1948 1228 1978 at
1260 1941 1348 1992 post

108 1990 219 2041 paulo
255 1992 291 2028 in
325 1995 449 2034 armis,
487 2007 590 2042 spem
623 1995 780 2031 habere:
823 1995 1005 2039 dubitare,
1037 1995 1164 2032 virtuti
1196 1996 1349 2046 popula-

108 2045 200 2082 rium
239 2059 286 2082 an
305 2046 390 2083 fidei
420 2044 542 2083 minus
579 2049 757 2084 crederet.
815 2049 886 2094 Ita,
916 2048 1156 2099 quocumque
1179 2048 1350 2087 intende-

108 2104 177 2144 rat,
206 2113 266 2136 res
300 2101 470 2137 advorsae
504 2107 617 2137 erant.
672 2101 749 2138 Sed
771 2102 867 2139 inter
887 2116 950 2139 eas
979 2115 1101 2139 moras
1122 2102 1277 2153 repente
1309 2118 1347 2140 se

109 2150 285 2189 Metellus
317 2167 401 2190 cum
432 2154 594 2190 exercitu
628 2155 801 2192 ostendit.
858 2155 1049 2193 Numidiae
1080 2157 1127 2193 ab
1160 2156 1349 2206 Jugurthfi

109 2218 176 2253 pro
199 2210 364 2254 tempore
394 2207 512 2256 parati
542 2208 787 2257 instructique
817 2214 922 2254 sunt;
961 2209 1046 2246 dein
1082 2210 1256 2259 proelium
1289 2211 1347 2247 in·-

109 2257 252 2306 cipitur.
323 2260 410 2303 Qua
436 2261 473 2296 in
502 2267 605 2309 parte
642 2274 706 2297 rex
745 2275 883 2312 pugnae
916 2263 1032 2309 affuit,
1064 2263 1116 2300 ibi
1133 2263 1350 2313 aliquandiu

110 2316 290 2348 certatum
307 2329 314 2350 :
345 2314 471 2351 caeteri
491 2327 619 2351 omnes
639 2315 718 2365 ejus
739 2315 870 2352 milites
888 2316 1004 2364 primo
1025 2330 1230 2367 congressu
1249 2317 1348 2366 pulsi
