1492 2531
134 82 208 120 108
606 80 880 120 SALLUSTII

137 190 200 222 aut.
233 184 537 234 imperitandum:
567 183 757 221 habendus
795 189 916 221 metus
951 190 1021 229 est,
1059 190 1122 222 aut
1156 186 1361 234 faciundus,

137 238 310 282 Quirites.
363 237 463 274 Nam
499 237 587 288 quid
622 237 749 275 ultra?
804 251 934 286 quaeve
968 238 1129 276 humana
1162 246 1359 289 superant3

139 297 203 328 aut
237 291 349 328 divini
366 290 559 340 impolluta
578 296 662 327 sunt
678 291 695 328 ⁶?
735 289 903 339 Populus
921 291 1124 338 Romanus,
1142 291 1255 342 paulo
1275 293 1361 331 ante

139 345 304 393 gentium
337 344 557 390 moderator,
588 349 720 382 exutus
739 344 905 391 imperio,
924 343 1055 393 gloria,
1070 347 1165 396 jure,
1196 346 1361 396 agitandi

140 398 260 446 inops,
297 398 580 447 despectusque,
615 411 661 434 ne
699 397 846 434 servilia
882 397 1032 446 quidem
1071 398 1243 437 alimenta
1277 401 1362 437 reli-

144 464 219 500 qua
251 451 371 488 habet.
425 450 617 487 Sociorum
650 455 687 487 et
714 450 813 486 Latii
830 464 966 500 magna
999 450 1069 497 vis,
1100 453 1261 498 civitate,
1291 467 1360 503 pro

137 503 260 541 multis
277 510 314 541 et
331 504 488 553 egregiis
506 502 774 540 sactisavobis
807 504 907 549 data,
925 517 991 552 per
1021 517 1136 541 unum
1167 506 1362 554 prohiben-

138 563 220 603 tur3
263 562 300 594 et
330 557 449 606 plebis
483 557 643 594 innoxiae
678 557 813 605 patrias
848 556 956 593 sedes
986 558 1215 607 occupavere
1251 560 1361 609 pauci

139 610 330 655 satellites,
368 610 575 647 mercedem
594 609 788 647 scelerum.
859 609 997 660 LegeS,
1009 611 1162 661 judicia,
1180 613 1362 658 aerarium,

138 664 351 712 provinciae,
386 677 506 714 reges,
537 662 653 713 penes
686 677 826 709 unum3
855 663 1013 714 denique
1049 665 1150 701 necis
1168 665 1304 702 civium
1323 672 1362 703 et

139 717 225 754 vitae
260 717 419 753 licentia.
475 716 590 753 Simul
634 717 812 753 humanas
833 716 970 754 hostias
1006 717 1164 764 vidistis,
1182 724 1218 756 et
1237 719 1362 768 sepul·-

137 769 225 806 chra
259 770 394 806 insecta
429 770 608 820 sanguine
645 770 752 806 civili.
818 770 931 806 Estne
960 770 1048 807 viris
1078 771 1211 822 reliqui
1246 772 1360 820 aliud,

137 822 249 872 quam
283 823 426 861 solvere
460 824 640 874 injuriam,
658 828 721 860 aut
739 823 830 859 mori
859 837 924 872 per
952 824 1152 862 virtutem?
1180 826 1358 875 quoniam

138 877 288 925 quidem
325 891 438 913 unum
474 878 643 914 omnibus
679 877 789 913 finem
825 882 967 922 natura,
1001 877 1062 915 vel
1096 878 1191 915 ferro
1227 881 1358 928 septis,

139 931 287 967 statuit:
317 944 437 980 neque
467 931 660 980 quisquam
681 936 877 967 extremam
899 931 1158 969 necessitatem
1186 932 1283 974 ‚nihil
1297 946 1360 970 au-

138 996 214 1029 sus,
252 984 321 1020 nisi
355 983 524 1020 muliebri
559 984 720 1033 ingenio,
740 989 942 1032 exspectat.
997 983 1140 1021 Verum
1175 999 1246 1035 ego
1265 987 1359 1023 sedi-

136 1036 265 1083 tiosus,
301 1035 356 1073 uti
390 1036 494 1074 Sulla
528 1037 590 1081 ait,
621 1037 685 1085 qui
720 1037 871 1085 praemia
900 1038 1087 1074 turbarum
1121 1053 1279 1088 queror-3
1320 1047 1358 1077 et

136 1089 272 1126 bellum
309 1090 476 1140 cupiens,
509 1091 594 1139 quia
621 1091 706 1140 jura
739 1090 840 1138 pacis
876 1096 1015 1139 repeto.
1081 1091 1246 1138 Scilicet,
1271 1093 1358 1141 quia

136 1157 208 1179 non
241 1143 343 1180 aliter
361 1144 453 1180 salvi
482 1143 643 1193 satisque
658 1143 726 1179 tuti
760 1143 797 1178 in
816 1143 970 1192 imperio
989 1144 1104 1189 eritis,
1123 1145 1194 1181 nisi
1207 1145 1358 1183 Vettius

137 1195 285 1242 Picens,
321 1197 443 1234 scriba
479 1197 683 1241 Cornelius,
719 1195 839 1233 aliena
883 1196 978 1233 bene
1017 1203 1146 1246 parata
1179 1198 1357 1249 prodege-

132 1250 226 1293 rint;
272 1250 342 1286 nisi
377 1250 669 1300 approbaveritis
709 1248 827 1286 omnis
876 1250 1162 1300 proscriptiones
1190 1252 1357 1290 innoxio-

135 1317 214 1339 rum
247 1304 294 1340 ob
330 1303 500 1350 divitias3
541 1304 723 1339 cruciatus
754 1303 916 1340 virorum
950 1303 1167 1351 illustrium3
1213 1313 1355 1343 vastam

134 1357 261 1393 urbem
295 1356 382 1406 suga
411 1363 447 1394 et
480 1357 669 1402 caedibus3
707 1357 805 1392 bona
836 1356 968 1393 civium
988 1358 1216 1404 miserorum,
1249 1360 1356 1409 quasi

136 1409 358 1446 Cimbricam
394 1411 572 1459 praedam,
590 1423 725 1447 venum
759 1414 821 1446 aut
857 1410 953 1446 dono
973 1410 1110 1448 datum.
1165 1411 1217 1448 At
1232 1413 1356 1463 objec-

133 1468 185 1499 tat
219 1463 307 1499 mihi
336 1464 590 1512 possessiones
611 1477 657 1500 ex
677 1463 781 1499 bonis
801 1463 1113 1512 proscriptorum:
1144 1465 1242 1514 quod
1276 1466 1355 1516 qui-

135 1516 218 1553 dem
254 1516 434 1553 scelerum
468 1517 564 1554 illius
600 1517 659 1554 vel
695 1529 904 1552 maxumum
941 1522 1010 1563 est,
1029 1531 1102 1554 non
1137 1532 1209 1561 me,
1229 1533 1352 1569 neque

132 1583 353 1621 quemquam
373 1571 547 1615 omnium,
568 1569 659 1607 satis
678 1574 795 1606 tutum
816 1569 941 1614 fuisse,
961 1570 993 1606 si
1011 1571 1109 1608 recte
1136 1571 1352 1610 faceremus.

133 1623 257 1672 Atque
293 1623 369 1669 illa,
388 1638 471 1672 quae
491 1630 569 1660 tum
605 1622 797 1659 formidine
817 1628 996 1659 mercatus
1027 1638 1121 1671 sum,
1140 1625 1265 1673 precio
1295 1639 1355 1663 so-

132 1676 346 1727 lut0,jure;
374 1677 529 1714 dominis
564 1682 686 1714 tamen
701 1677 878 1713 restituo:
910 1690 1028 1726 neque
1064 1678 1141 1726 pati
1159 1678 1351 1716 consilium

133 1735 202 1775 est,
238 1729 349 1766 ullam
368 1744 414 1766 ex
450 1731 593 1767 civibus
622 1730 784 1779 praedam
817 1743 911 1766 esse.
975 1729 1072 1767 Satis
1104 1730 1165 1767 illa
1204 1731 1352 1779 fuerint,

133 1797 218 1832 quae
253 1783 354 1820 rabie
385 1789 573 1820 contracta
590 1783 824 1820 toleravimus
835 1798 845 1829 3
872 1797 1001 1820 manus
1038 1790 1272 1822 conserentes
1300 1785 1352 1821 in·

132 1842 186 1873 ter
204 1851 243 1873 se
262 1836 450 1873 Romanos
469 1837 664 1881 exercitus,
700 1842 736 1873 et
753 1850 854 1872 arma
888 1838 935 1873 ab
970 1838 1128 1874 externis
1153 1838 1190 1874 in
1208 1845 1352 1876 nosmet

131 1903 246 1927 versa.
302 1890 489 1927 Scelerum
505 1896 541 1927 et
559 1889 862 1927 contumeliarum
881 1890 1041 1927 omnium
1060 1891 1141 1927 finis
1161 1891 1217 1928 sit.
1245 1891 1348 1935 Quo-

129 1956 209 1980 rum
242 1941 332 1979 adeo
370 1943 509 1980 Sullam
541 1958 612 1980 non
649 1943 818 1992 poenitet,
835 1949 874 1979 ut
888 1948 923 1979 et
957 1944 1108 1981 sactain
1143 1944 1261 1994 gloria
1279 1957 1348 1980 nu-

128 2002 257 2041 meret,
287 2002 335 2040 et,
372 1997 403 2032 si
436 1996 558 2042 liceat,
594 1996 736 2033 avidius
772 1997 911 2033 fecerit.
982 1997 1118 2047 Neque
1147 1999 1237 2046 jam,
1257 1998 1348 2047 quid

131 2050 358 2087 existumetis
390 2050 435 2086 de
471 2050 547 2093 illo,
583 2050 647 2086 sed
682 2054 860 2098 quantum
896 2063 961 2087 vos
998 2051 1178 2095 audeatis,
1197 2064 1344 2088 vereor:

128 2101 188 2148 ne,
222 2102 313 2138 alius
345 2102 455 2139 alium
486 2104 688 2152 principem
718 2108 988 2151 exspectantes,
1007 2104 1092 2141 ante
1127 2103 1346 2151 capiamini3

127 2170 201 2193 non
238 2156 370 2204 opibus
389 2157 482 2206 ejus,
501 2171 586 2206 quae
606 2156 726 2192 futiles
748 2161 783 2192 et
799 2161 981 2205 corruptae
1001 2162 1108 2193 sunt:
1138 2157 1204 2193 sed
1224 2156 1346 2194 vestra

128 2207 318 2247 socordia:
365 2208 475 2258 quam
509 2215 656 2258 captum
687 2210 738 2245 ire
770 2208 870 2253 licet,
890 2215 926 2246 et
959 2210 1069 2258 quam
1101 2210 1235 2246 audeat
1269 2215 1346 2248 tam

122 2263 239 2300 videri
257 2262 411 2299 felicem.
466 2263 564 2299 Nam
596 2268 730 2311 praeter
748 2262 923 2299 satellites
942 2262 1241 2310 commaculatos,
1260 2264 1344 2313 quis

119 2316 249 2354 eadem
284 2315 394 2353 vult?
437 2321 500 2353 aut
519 2317 600 2366 quis
636 2329 710 2353 non
738 2316 860 2354 omnia
892 2321 1030 2354 mutata
1066 2321 1203 2367 praeter
1230 2317 1348 2355 victo-
