1492 2531
363 77 579 117 BELLUM
607 77 628 115 J
634 77 854 117 UGURTH
862 77 1014 116 INUM.
1254 78 1306 114 47

72 190 249 220 exornata
275 189 364 226 erat,
395 181 576 218 Atherbal
598 182 775 231 possedit.
832 182 909 218 Res
941 181 1129 230 postulare
1160 180 1306 218 videtur

70 236 208 274 Africa-3
251 237 359 272 situm
394 235 524 283 paucis
572 249 770 284 exponere,
818 241 855 271 et
895 249 958 272 eas
994 235 1130 284 gentis,
1167 235 1304 283 quibus

72 305 156 327 cum
186 290 292 326 nobis
321 289 455 325 bellum
483 295 547 325 aut
574 289 732 325 amicitia
759 289 840 331 fuit,
868 289 1061 337 attingere.
1116 288 1191 324 Sed
1220 301 1304 337 quae

71 343 154 379 loca
183 348 220 379 et
248 342 416 379 nationes
446 343 493 379 ob
523 341 697 387 calorem,
727 347 790 378 aut
823 342 1071 390 asperitatem,
1101 341 1190 377 item
1222 341 1306 377 soli-

71 397 229 439 tudines,
259 396 380 432 minus
410 396 643 444 frequentata
669 401 769 440 sunt,
798 395 842 431 de
872 395 915 430 iis
946 395 1046 431 haud
1073 394 1180 430 facile
1207 408 1306 431 com-

70 456 213 497 pertum
232 449 477 486 narraverim:
510 454 644 485 caetera
663 447 774 498 quam
794 448 1038 496 paucissumis
1058 447 1261 484 absolvam.

124 502 167 538 In
197 503 375 539 divisione
407 502 506 538 orbis
531 508 650 545 terrae,
682 501 851 550 plerique
880 501 917 537 in
947 507 1051 549 parte
1081 500 1189 537 tertia
1208 502 1308 539 Afri-

71 568 150 591 cam
196 556 378 604 posuere3
429 555 540 604 pauci
580 553 835 592 tantummodo
871 554 999 591 Asiam
1043 561 1079 591 et.
1116 555 1305 604 Europam

71 622 167 654 esse,
186 610 251 645 sed
271 609 436 645 Africam
454 610 492 644 in
512 607 676 656 Europa.
733 608 789 645 Ea
807 608 890 644 finis
910 608 1021 644 habet
1045 609 1091 644 ab
1113 608 1304 645 occidente

71 663 204 699 fretum
237 663 352 699 nostri
384 662 494 698 maris
528 670 565 698 et
598 661 764 706 Oceani;
809 663 855 698 ab
890 667 972 697 ortu
1005 661 1094 697 solis
1125 661 1306 698 declivem

70 715 322 752 latitudinem:
370 729 481 765 quem
527 715 651 752 locum
690 714 963 751 Catabathmon
1010 715 1140 751 incolae
1177 716 1306 764 appel-

69 769 160 806 lant.
220 767 328 804 Mare
355 782 508 813 saevum,
539 769 832 816 importuosum3
869 782 958 817 ager
988 767 1138 818 frugum
1162 768 1307 813 fertilis,

71 822 190 858 bonus
222 822 362 871 pecori,
400 822 523 858 arbori
558 823 814 858 infoecundus:
859 821 953 858 coelo
985 821 1158 871 terraque
1192 836 1307 870 penu-

69 875 124 910 ria
158 888 360 924 aquarum:
408 889 526 925 genus
563 875 751 911 hominum
794 874 934 911 salubri
980 889 1148 924 corpore,
1185 878 1306 921 velox,

71 929 216 977 patiens
249 929 440 966 laborum:
484 928 682 977 plerosque
719 935 891 965 senectus
923 928 1105 973 dissolvit,
1140 929 1212 966 nisi
1243 930 1305 979 qui

69 982 165 1019 ferro
202 989 265 1019 aut
301 981 324 1018 a
360 982 489 1019 bestiis
525 981 724 1027 interiere3
768 995 851 1017 nam
887 983 1038 1018 morbus
1075 982 1175 1018 haud
1207 982 1307 1031 saepe

71 1049 292 1085 quemquam
312 1041 482 1085 superat:
513 1036 560 1071 ad
586 1036 669 1077 hoc,
695 1034 851 1070 malefici
875 1035 1022 1085 generis
1052 1035 1208 1083 plurima
1234 1038 1309 1072 ani-

70 1089 193 1126 malia.
247 1089 325 1126 Sed
354 1089 417 1138 qui
445 1088 619 1125 mortales
653 1088 757 1124 initio
787 1087 950 1124 Atticam
981 1089 1190 1133 habuerint,
1228 1090 1309 1139 qui-

72 1155 143 1190 que
176 1141 306 1191 postea
334 1142 572 1183 accesserint,
607 1147 670 1177 aut
699 1155 773 1190 quo
799 1142 908 1178 modo
941 1141 1036 1177 inter
1066 1156 1105 1178 se
1137 1143 1308 1190 permixti

72 1196 166 1240 sint;
195 1208 420 1244 quamquam
449 1195 495 1230 ab
525 1208 569 1230 ea
590 1194 699 1239 fama,
727 1208 808 1243 quae
836 1194 1035 1243 plerosque
1069 1196 1225 1241 obtinet,
1258 1196 1311 1232 di-

71 1226 219 1285 versinn
239 1254 318 1293 est3
349 1254 483 1289 tamen,
514 1254 554 1283 ut
573 1261 619 1283 ex
638 1247 740 1284 libris
762 1247 927 1293 Punicis,
954 1248 1018 1296 qui
1036 1249 1134 1298 regis
1154 1250 1311 1298 Hiemp-

72 1302 157 1337 salis
195 1303 428 1344 dicebantur,
464 1301 749 1349 interpretatum
785 1301 892 1337 nobis
930 1308 1009 1346 estg
1051 1280 1180 1351 meique
1231 1316 1308 1339 rem

72 1368 154 1391 sese
174 1355 310 1392 habere
330 1354 491 1391 cultores
518 1355 595 1404 ejus
619 1359 726 1390 terrae
746 1360 898 1403 putant:
929 1353 1043 1403 quam
1062 1356 1309 1404 paucissumis

73 1408 203 1444 dicam.
258 1406 443 1445 Caeteriim
462 1408 553 1444 fides
574 1408 652 1457 ejus
673 1408 724 1443 rei
743 1407 859 1456 penes
886 1413 1054 1444 auctores
1075 1410 1155 1445 erit.
1210 1410 1311 1446 Afri-

73 1475 154 1497 cam
196 1461 300 1498 initio
345 1460 509 1498 habuere
548 1460 687 1497 Gaetuli
729 1467 765 1497 et
801 1461 958 1510 Libyes,
999 1463 1121 1511 asperi
1165 1463 1310 1501 inculti-

73 1528 165 1563 que:
207 1513 290 1564 quis
322 1515 429 1552 cibus
459 1520 537 1550 erat
566 1527 652 1550 caro
683 1513 814 1559 ferina,
843 1520 953 1564 atque
986 1515 1087 1551 humi
1115 1516 1308 1564 pabulum,

74 1567 127 1603 uti
148 1568 360 1617 pecoribus.
414 1568 466 1604 Hi
491 1580 611 1616 neque
638 1568 818 1612 moribus,
848 1581 967 1618 neque
997 1568 1078 1617 lege
1106 1575 1170 1605 aut
1195 1570 1311 1620 impe-

73 1621 127 1657 rio
164 1620 399 1672 cujusquam,
444 1622 695 1670 regebantur:
740 1621 839 1670 vagi,
875 1621 1059 1670 palanteS,
1106 1636 1198 1672 quas
1234 1638 1309 1661 nox

74 1675 261 1724 coegerat,
297 1676 403 1712 sedes
443 1674 640 1711 habebant.
695 1674 772 1711 Sed
806 1673 1005 1723 postquam
1050 1675 1087 1711 in
1126 1676 1309 1726 Hispania

74 1726 272 1774 Hercules,
292 1728 386 1765 sicut
410 1727 487 1764 Afri
512 1733 656 1786 putant
682 1725 841 1772 interiit;
875 1729 1056 1765 exercitus
1083 1730 1178 1779 ejuS,
1210 1744 1310 1767 com-

74 1781 217 1829 positus
238 1795 284 1818 ex
302 1781 475 1831 gentibus
495 1780 618 1825 variis,
647 1781 782 1817 amisso
802 1758 910 1827 dirce,
938 1795 981 1818 ac
1007 1783 1147 1830 passim
1169 1783 1309 1830 multis,

73 1834 144 1870 sibi
174 1835 346 1884 quisque,
385 1835 582 1884 imperium
611 1834 840 1883 petentibus,
878 1833 982 1871 brevi
1013 1835 1196 1874 dilabitur.
1250 1839 1308 1875 Ex

74 1901 119 1924 eo
139 1902 292 1924 numero
322 1887 443 1933 Medi,
472 1887 612 1932 Persae,
632 1893 668 1923 et
696 1887 878 1933 Armenii,
908 1888 1067 1925 navibus
1086 1889 1123 1925 in
1142 1890 1308 1928 Africam

75 1942 288 1986 transvecti,
342 1954 543 1990 proxumos
596 1947 722 1977 nostro
767 1942 859 1977 mari
907 1941 1010 1978 locos
1063 1945 1307 2005 occupavere.

74 1994 150 2030 Sed
169 1994 295 2031 Persae
313 1994 409 2031 intra
430 1994 623 2030 Oceanum
642 2007 788 2044 magls;
815 1994 916 2044 iique
940 1995 1066 2031 alveos
1085 1997 1236 2034 navium
1255 1999 1309 2035 in-

76 2060 202 2084 versos
221 2062 289 2096 pro
307 2048 466 2097 tuguriis
485 2047 663 2093 habuere,
691 2048 777 2097 quia
796 2061 916 2097 neque
942 2049 1096 2085 materia
1124 2050 1162 2086 in
1192 2053 1307 2101 agris,

76 2113 194 2148 neque
223 2102 270 2137 ab
289 2102 471 2151 Hispanis
501 2100 651 2137 emundi
674 2106 738 2137 aut
764 2102 932 2138 mutandi
950 2102 1057 2150 copia
1076 2108 1176 2149 eiat3
1206 2119 1307 2143 mare

76 2166 249 2199 magnum
283 2159 320 2190 et
355 2155 485 2205 ignara
519 2153 648 2203 lingua
683 2155 904 2191 commercia
938 2155 1198 2204 prohibebant.
1255 2158 1307 2196 Hi

76 2205 256 2254 paulatim
291 2221 359 2257 per
369 2184 595 2245 bt’connubia
616 2207 784 2244 Gaetulos
831 2222 956 2244 secum
1001 2209 1208 2247 miscuere:
1257 2220 1306 2257 et,

77 2259 161 2307 quia
183 2259 283 2308 saepe
312 2266 496 2298 tentantes
516 2273 640 2310 agTOS,
668 2260 752 2306 alia,
782 2261 918 2298 deinde
946 2262 1031 2307 alia,
1066 2262 1149 2299 loca
1167 2266 1306 2313 petive-

77 2318 171 2357 rant,
199 2318 316 2350 semet
351 2315 423 2363 ipsi
452 2313 637 2352 Numidas
667 2313 916 2363 appellavere.
971 2315 1155 2352 Caetertim
1185 2319 1303 2355 adhuc
