1492 2531
112 95 126 130 l
136 92 186 130 30
607 92 880 131 SALLUSTII

162 195 391 244 Pluteosque
410 195 599 241 rescindit,
625 209 668 232 ac
696 197 920 233 munitiones
938 195 1156 239 demolitur}
1181 195 1340 245 locoque

112 262 257 286 summo
275 249 427 298 potitur.
482 248 607 285 Idem:
637 249 828 286 Demoliri
844 255 896 286 est
915 249 1069 286 diluere.

162 301 376 339 Exercitum
417 302 566 348 dimisit,
602 308 643 340 ut
678 303 838 352 primum
874 303 994 353 Alpes
1030 303 1231 352 degressus
1275 307 1344 339 est.

114 354 339 392 Arusianus.

162 408 389 445 Tetrarchus
409 421 589 458 regesque
609 408 754 445 territos
774 408 885 444 animi
903 408 1073 444 firmavit.
1127 408 1245 445 Idem.

162 461 283 498 Simul
302 476 380 506 eos,
395 467 432 498 et
451 468 604 500 cunctos
618 463 697 512 jam
714 461 907 498 inclinatos
926 461 1076 498 laxitate
1096 461 1182 507 loci,
1215 461 1343 511 plures

113 515 282 552 cohortes
301 521 413 564 atque
433 529 575 561 omnes,
604 521 645 552 ut
663 516 701 551 in
716 515 882 552 secunda
899 528 952 561 re,
979 512 1118 564 pariter
1136 513 1223 551 acre
1243 515 1345 552 inva-

115 570 217 606 dunt.
260 566 421 604 IVonz‘us.

166 622 220 660 Hi
250 621 418 658 locorum
447 620 648 671 perignari,
679 620 776 658 soliti
804 626 951 658 nectere
975 634 1021 656 ex
1039 620 1238 657 viminibus
1257 633 1347 657 vasa

114 675 287 725 agrestia,
313 675 366 711 ibi
394 680 487 720 tum,
518 672 621 723 quod
647 675 773 724 inopia
805 680 996 711 scutorum
1025 674 1159 718 fuerat,
1188 674 1236 710 ad
1266 686 1346 710 eam

115 735 232 766 artem
269 742 308 765 se
340 728 497 777 quisque
527 728 565 764 in
594 728 748 764 formam
784 741 922 779 parmae
952 726 1133 777 equestris
1169 727 1349 764 armabat.

117 781 291 819 Nonius:
324 781 473 818 Parma
493 786 542 817 est
560 786 705 818 scutum
725 781 843 819 breve.

168 835 228 872 De
248 848 382 884 pecore
402 835 500 871 ceria
528 848 658 871 recens
688 836 866 878 detracta,
896 834 1002 883 quasi
1033 833 1177 883 glutino
1207 833 1345 870 adoles-

117 890 263 926 cebant.
310 887 514 931 C'arisizcs,
533 887 556 924 l.
574 888 598 925 i.
654 888 821 926 Servius.

170 942 328 979 Avidior
345 940 457 978 modo
475 943 698 990 properandi
715 943 846 981 factus.
901 940 1129 977 Arusianus,

173 995 327 1032 Consilii
347 1008 456 1044 aeger.
512 994 630 1033 Idem.

173 1048 330 1085 Reversi
346 1054 497 1097 postero
517 1048 588 1093 die,
606 1047 735 1092 multa,
755 1061 838 1097 quae
852 1052 1095 1096 properantes
1111 1047 1349 1083 deseruerant

120 1103 157 1138 in
177 1102 322 1146 castris,
340 1101 453 1145 nacti,
482 1101 566 1138 cum
595 1114 634 1137 se
663 1101 715 1138 ibi
743 1103 827 1139 cibo
855 1102 1014 1149 vinoque
1040 1100 1115 1136 laeti
1139 1099 1350 1137 invitarent.

119 1154 290 1193 Nonius:
318 1154 492 1191 Invitare
512 1160 569 1191 est
586 1154 735 1205 repleri.

173 1209 299 1258 Atque
333 1208 449 1245 hiavit
482 1207 616 1245 humus
651 1208 780 1251 multa,
816 1213 921 1244 vasta
962 1207 1157 1256 profunda.
1224 1205 1352 1242 Idem.-

120 1262 258 1308 Hiare,
278 1260 437 1312 aperiri.

173 1315 319 1352 Rursus
358 1316 525 1366 jumenta
568 1315 681 1359 nacti,
727 1315 774 1351 ad
810 1313 988 1363 oppidum
1025 1313 1075 1350 ire
1113 1311 1353 1349 contendunt.

123 1367 286 1406 Nonius.

175 1421 253 1460 Ubi
273 1436 311 1459 se
331 1420 468 1458 laniata
486 1421 636 1471 navigia
652 1421 768 1458 fundo
787 1425 994 1469 emergunt.
1047 1417 1273 1455 Arusianus,

174 1476 272 1512 Tum
300 1473 387 1511 vero
422 1474 574 1524 Bithyni
609 1475 900 1524 propinquantes
930 1475 1008 1524 jam
1044 1485 1189 1508 amnem
1224 1471 1354 1508 Tarta-

124 1531 239 1567 nium.
298 1528 413 1565 Idem.

175 1582 252 1620 Eos
272 1583 335 1632 qui
350 1581 419 1618 hoc
444 1580 579 1618 malum
597 1581 788 1631 publicum
815 1578 1052 1617 clandestinis
1071 1577 1234 1615 consiliis
1259 1591 1356 1614 com-

126 1641 361 1686 paraverunt.
415 1633 575 1671 Nonius.

179 1689 224 1726 In
243 1688 327 1740 quis
346 1689 574 1726 notissumus
600 1688 774 1738 quisque,
792 1694 856 1726 aut
875 1686 972 1724 malo
991 1685 1203 1735 dependens
1222 1686 1356 1722 verbe-

126 1745 287 1786 rabatur,
307 1747 370 1779 aut
386 1741 606 1779 immutilato
625 1755 792 1790 corpore,
816 1742 985 1791 improbo
1004 1738 1173 1789 patibulo
1192 1740 1354 1775 eminens

129 1797 359 1846 affigebatur.
414 1795 542 1832 Idem:
571 1793 795 1831 Patibzclum
814 1799 869 1831 est
887 1807 986 1831 crux.

179 1851 243 1887 Ad
270 1848 434 1886 Siciliam
465 1862 621 1897 vergens
645 1849 816 1885 faucibus
849 1862 921 1885 non
951 1845 1108 1896 amplius
1128 1850 1229 1894 patet
1248 1844 1355 1881 milli-

128 1905 198 1941 bus
218 1919 252 1941 v.
271 1909 307 1940 et
326 1916 415 1939 xxx.
469 1900 626 1938 Messus.

183 1957 310 1994 Clausi
327 1955 507 1993 lateribus
529 1955 673 2004 pedem.
727 1953 843 1992 Idem.

180 2009 391 2059 NaphthaS.
447 2008 593 2046 Probus
619 2005 836 2045 Catholicis.
