1492 2531
125 127 137 162 1
148 127 171 163 2
591 126 868 167 SALLUSTII

131 222 177 259 εό
208 221 376 262 dictitare
403 225 552 273 fecisse,
574 224 650 276 quo
673 226 769 263 inter
803 240 842 264 se
877 224 998 276 magis
1028 225 1091 262 fidi
1114 225 1248 272 forent,
1266 224 1361 262 alius

136 275 196 313 alii
235 278 329 315 tanti
375 278 547 317 facinoris
588 279 739 317 conscii.
805 279 988 317 Nonnulli
1020 279 1106 316 ficta
1126 284 1162 316 et
1206 279 1288 325 hac,
1323 284 1362 316 et

137 329 252 367 multa
281 337 475 381 praeterea,
508 333 782 370 existumabant
806 334 852 370 ab
881 333 939 379 iis,
964 332 1028 383 qui
1058 332 1246 370 Ciceronis
1273 331 1363 369 invi-

137 383 247 428 diam,
287 399 372 434 quae
414 392 545 435 postea
586 391 667 424 orta
702 392 771 431 est,
798 386 904 423 leniri
939 387 1138 423 credebant
1172 385 1362 422 atrocitate

135 437 288 474 sceleris
319 453 459 482 eorum,
493 439 557 490 qui
583 453 709 489 poenas
743 440 933 477 dederant.
988 439 1110 477 Nobis
1138 453 1182 476 ea
1216 452 1275 476 res
1294 452 1362 488 pro

135 491 387 540 magnitudine
409 506 540 542 parum
566 499 752 542 comperta
771 497 840 530 est.
894 492 972 530 Sed
989 493 1026 529 in
1046 491 1090 529 ea
1108 491 1361 543 conjuratione

135 543 205 581 suit
221 544 268 588 Q.
290 544 438 591 Curius,
468 552 576 583 natus
598 547 693 583 haud
714 547 873 584 obscuro
902 545 999 589 loco,
1021 545 1167 595 flagitiis
1186 550 1294 595 atque
1310 545 1365 582 fa-

137 597 322 635 cinoribus
349 605 572 649 coopertus3
610 613 723 650 quem
755 611 927 636 censores
962 604 1092 636 senatu
1128 599 1253 659 probri
1282 611 1364 649 gra-

136 649 189 686 tia
217 658 443 690 amoverant.
507 653 607 689 Huic
634 653 772 690 homini
804 666 877 689 non
916 652 1034 689 minor
1063 652 1204 689 vanitas
1231 652 1363 696 inerat,

137 716 250 764 quam
277 706 454 752 audacio3
482 720 603 755 neque
635 706 785 743 reticere
814 719 898 755 quae
928 704 1109 753 audierat,
1128 718 1247 755 neque
1277 717 1362 741 sua·

136 763 212 794 met
229 757 309 807 ipse
342 759 485 796 scelera
510 759 719 797 occultare·
711 789 721 805 ‚
749 773 902 809 prorsus
929 772 1048 808 neque
1078 759 1215 803 dicere,
1241 771 1363 824 neque

137 808 273 855 facere,
304 812 504 862 quicquam
536 813 641 863 pensi
683 813 859 850 habebat.
914 812 1005 849 Erat
1034 812 1067 849 ei
1099 826 1182 848 cum
1217 809 1363 856 Fulvia,

136 864 289 902 muliere
332 866 459 910 nobili,
491 867 608 916 stupri
636 872 744 903 vetus
790 866 1041 903 consuetudo:
1073 866 1130 902 cui
1177 865 1260 902 cum
1294 865 1364 901 mi-

137 931 207 955 nus
241 924 368 968 gratus
417 925 528 965 esset,
574 918 676 970 quod
710 919 835 969 inopia
882 919 1003 957 minus
1038 918 1163 969 largiri
1206 923 1365 968 poterat,

136 970 290 1020 repente
337 972 515 1022 glorians,
576 973 691 1010 maria
735 973 965 1022 monteisque
1012 971 1178 1022 polliceri
1228 971 1363 1020 coepit;

136 1025 267 1061 minari
290 1026 474 1063 interdum
506 1027 615 1072 ferro,
648 1025 686 1062 ni
719 1026 790 1063 sibi
823 1027 982 1063 obnoxia
1000 1026 1117 1063 foret:
1162 1023 1365 1075 postremo,

136 1077 295 1115 ferocius
315 1079 453 1129 agitare
476 1079 588 1128 quam
607 1079 737 1116 solitus
757 1085 845 1116 erat.
903 1080 954 1116 At
982 1079 1127 1124 Fulvia,
1156 1078 1363 1115 insolentiae

138 1131 238 1167 Curii
286 1131 400 1169 causa
448 1133 611 1183 cognita,
643 1132 716 1170 tale
756 1132 960 1181 periculum
1003 1131 1218 1182 reipublicae
1264 1131 1365 1167 haud

137 1184 325 1221 occultum
376 1186 528 1232 habuit3
574 1186 654 1229 sed,
701 1185 847 1222 sublato
893 1190 1058 1232 auctore,
1105 1185 1150 1221 de
1193 1184 1364 1222 Catilinae

139 1238 402 1288 conjuratione,
452 1252 538 1289 quae
576 1238 725 1289 quoque
755 1238 867 1276 modo
897 1238 1080 1283 audierat,
1112 1237 1366 1288 compluribus

136 1292 309 1329 narravit.
378 1293 433 1329 Ea
474 1307 533 1330 res
569 1293 605 1329 in
643 1293 769 1342 primis
817 1293 940 1329 studia
969 1292 1156 1329 hominum
1198 1291 1368 1328 accendit

138 1344 184 1380 ad
220 1344 476 1383 consulatum
483 1347 730 1383 maudandum
760 1346 814 1382 M.
845 1345 969 1382 Tullio
1002 1345 1181 1382 Ciceroni.
1249 1344 1366 1381 Nam-

137 1411 210 1447 que
242 1397 351 1435 antea
384 1398 560 1450 pleraque
596 1399 769 1436 nobilitas
798 1399 938 1435 invidia
973 1399 1172 1441 aestuabat,
1200 1403 1236 1434 et
1261 1397 1365 1447 quasi

137 1450 255 1500 pollui
290 1452 524 1489 consulatum
553 1453 741 1498 credebat,
777 1453 807 1488 si
845 1466 943 1498 eum,
976 1451 1143 1500 quamvis
1178 1450 1364 1501 egregius,

139 1504 248 1541 homo
275 1519 394 1542 novus
423 1507 581 1556 adeptus
612 1506 719 1543 soret.
773 1506 862 1550 Sed,
889 1505 951 1542 ubi
971 1505 1174 1554 periculum
1204 1504 1364 1548 advenit,

138 1557 276 1594 invidia
292 1564 403 1608 atque
423 1560 597 1608 superbia
619 1565 703 1608 post
720 1559 837 1596 suere.
892 1558 1024 1609 Igitur,
1044 1558 1200 1595 comitiis
1219 1557 1365 1603 habitis,

139 1611 310 1650 consules
350 1613 582 1649 declarantur
617 1613 671 1649 M.
696 1613 841 1649 Tullius
868 1617 904 1649 et
940 1612 984 1649 C.
1016 1611 1220 1648 Antonius:
1264 1611 1365 1661 quod

137 1664 272 1704 sactum
312 1664 428 1714 primo
466 1666 661 1715 populares
691 1665 953 1716 conjurationis
987 1669 1234 1702 concusserat.
1290 1663 1366 1701 Ne-

138 1732 210 1767 que
247 1724 368 1755 tamen
409 1720 579 1756 Catilinae
606 1721 707 1756 furor
741 1720 995 1762 minuebatur;
1026 1719 1091 1754 sed
1118 1718 1236 1755 indies
1259 1716 1365 1766 plura

138 1771 301 1820 agitare3
347 1787 445 1809 arma
497 1787 564 1822 per
611 1773 754 1809 Italiam
804 1772 893 1809 locis
949 1772 1167 1821 opportunis
1219 1783 1363 1820 parare;

139 1825 347 1872 pecuniam,
401 1827 466 1862 sua
509 1831 572 1863 aut
617 1827 817 1863 amicorum
858 1824 930 1862 fide
977 1831 1133 1862 sumtam
1186 1829 1364 1870 mutuam,

138 1877 307 1915 Faesulas
358 1880 404 1916 ad
451 1879 631 1916 Manlium
679 1879 876 1929 quemdam
920 1883 1081 1928 portare,
1126 1878 1189 1928 qui
1232 1882 1365 1926 postea

138 1931 311 1980 princeps
354 1933 423 1969 fuit
463 1933 552 1970 belli
598 1932 770 1970 faciundi.
827 1932 884 1968 Ea
919 1936 1140 1980 tempestate
1185 1930 1363 1980 plurimos

141 1985 319 2035 cujusque
360 1986 506 2036 generis
536 1986 703 2023 homines
745 1985 946 2022 adscivisse
979 1985 1050 2021 sibi
1086 1985 1241 2030 dicitur3
1281 1997 1363 2020 mu-

137 2036 245 2074 lieres
274 2038 382 2075 etiam
413 2039 566 2091 aliquot,
595 2053 680 2089 quae
709 2037 830 2089 primo
863 2037 1026 2088 ingentis
1063 2043 1203 2075 sumtus
1236 2043 1363 2087 stupro

138 2091 301 2140 corporis
336 2088 599 2130 toleraverant·
630 2098 727 2142 post,
766 2093 830 2129 ubi
860 2098 949 2128 aetas
979 2088 1234 2129 tantummodo
1264 2104 1364 2140 quae-

137 2145 222 2190 stui,
242 2158 361 2195 neque
392 2145 547 2182 luxuriae
579 2147 729 2183 modum
765 2146 918 2191 fecerat,
948 2159 1000 2182 aes
1032 2145 1191 2181 alienum
1223 2143 1362 2194 grande

139 2197 398 2235 conflaverant.
453 2199 527 2236 Per
545 2213 607 2236 eas
627 2213 666 2236 se
699 2198 856 2236 Catilina
885 2199 1059 2235 credebat
1077 2211 1186 2247 posse
1215 2197 1364 2234 servitia

138 2252 281 2288 urbana
306 2251 518 2297 sollicitare,
543 2253 672 2289 urbem
697 2252 908 2295 incendere,
936 2252 1036 2288 viros
1065 2264 1192 2288 earum
1221 2249 1282 2287 vel
1299 2251 1364 2287 ad-

132 2305 291 2355 jungere
324 2305 407 2352 sibi,
434 2305 492 2342 vel
515 2306 730 2343 interficere.
783 2306 858 2342 Sed
884 2304 918 2341 in
947 2304 1004 2341 his
1032 2310 1109 2341 erat
1131 2303 1363 2352 Sempronia,

139 2371 225 2407 quae
269 2358 384 2396 multa
425 2358 525 2409 saepe
563 2359 675 2397 virilis
722 2359 885 2397 audaciae
922 2358 1085 2395 facinora
1120 2357 1363 2395 commiserat.
