1492 2531
391 56 611 95 BELLUM
640 55 662 93 J
665 55 1046 94 UGURTHINUM.
1295 55 1346 93 89

101 163 244 209 rabant,
278 160 377 214 quod
395 162 441 198 ab
473 175 517 198 eo
552 175 689 211 genere
721 160 929 198 celebratus
949 167 1156 210 auctusque
1177 167 1278 205 erat;
1308 166 1346 198 et

100 217 237 254 homini
273 215 477 266 potentiam
510 214 693 263 quaerenti
722 215 997 264 egentissumus
1033 215 1192 265 quisque
1213 227 1346 264 oppor-

99 270 353 313 tunissumus;
399 268 459 304 cui
487 281 608 317 neque
643 281 711 304 sua
741 282 839 304 curae
899 268 1060 318 (quippe
1115 282 1201 318 quae
1244 268 1346 304 nulla

100 324 214 372 sunt,)
245 328 282 359 et
313 322 437 358 omnia
472 335 554 357 cum
588 321 706 371 pretio
747 321 905 358 honesta
958 323 1141 359 videntur.
1225 321 1345 370 Igitur

100 375 243 412 Marius
281 389 365 412 cum
397 372 586 424 aliquanto
624 375 759 424 majore
794 389 963 420 numero,
1003 374 1116 424 quain
1154 375 1345 411 decretum

100 434 192 474 orat,
216 429 253 464 in
282 429 450 465 Africam
479 428 681 477 profectus,
704 429 833 477 paucis
862 428 994 465 diebus
1020 428 1168 466 Uticam
1199 428 1346 465 advehi-

98 487 170 518 tur.
222 482 422 519 Exercitus
451 482 484 517 ei
514 482 669 518 traditur
698 480 721 517 a
745 483 790 519 P.
810 482 952 519 Rutilio
975 481 1124 531 legato:
1153 495 1238 518 nam
1259 480 1345 519 Me-

97 534 209 572 tellus
252 540 491 584 conspectum
542 534 652 571 Marii
698 535 855 584 fugerat,
891 534 939 571 ne
978 536 1118 572 videret
1155 549 1210 579 ea,
1257 549 1342 585 quae

97 589 223 624 audita
255 590 398 626 animus
430 588 587 625 tolerare
622 591 854 636 nequiverat.
922 589 999 626 Sed
1018 588 1160 632 consul,
1182 588 1343 637 expletis

95 640 309 691 legionibus
344 641 633 691 cohortibusque
667 642 883 685 auxiliariis,
914 643 950 678 in
980 655 1112 692 agrum
1130 642 1288 679 fertilem
1307 649 1344 679 et

96 695 224 743 praeda
257 702 432 732 onustum
462 695 723 744 proficiscitur,
779 696 915 734 Omnia
942 696 992 732 ibi
1028 702 1136 745 capta
1167 696 1343 732 militibus

97 748 222 785 donat.
292 749 392 785 Dein
424 748 578 785 castella
614 754 651 784 et
688 749 826 798 oppida
862 750 996 787 natura
1031 755 1068 786 et
1099 748 1184 785 viris
1210 749 1341 798 parum

95 801 238 838 munita
257 801 495 853 aggreditur:
525 801 658 850 proelia
685 803 813 849 multa,
834 804 1011 841 caeteriim
1041 803 1112 839 alia
1139 802 1235 839 levia
1262 803 1343 839 aliis

95 853 186 891 locis
227 855 359 893 facere.
448 854 604 892 Interim
649 856 736 894 novi
777 858 913 894 milites
955 857 1034 893 sine
1065 863 1164 892 metu
1204 870 1343 905 pugnae

96 908 249 945 adesse:
299 910 423 948 videre
464 907 643 958 fugientis
678 910 775 958 capi,
807 917 870 947 aut
901 910 1044 955 occidi3
1086 910 1342 946 fortissumum

97 975 281 1011 quemque
315 965 578 1007 tutissumum3
624 964 732 1000 armis
770 964 992 1008 libertatem,
1021 963 1193 1012 patriam,
1213 977 1345 1011 paren-

96 1019 240 1064 tesque,
257 1020 293 1052 et
329 1017 402 1054 alia
438 1016 574 1058 omnia,
606 1018 708 1066 tegi:
739 1017 895 1066 gloriam
916 1024 1026 1066 atque
1048 1017 1195 1054 divitias
1213 1018 1342 1065 quaeri.

96 1068 159 1104 Sic
190 1069 295 1105 brevi
331 1070 424 1107 satio
461 1070 548 1105 novi
585 1077 806 1120 veteresque
841 1071 1026 1113 coaluere,
1065 1076 1101 1106 et
1121 1071 1236 1106 virtus
1269 1084 1343 1106 om-

96 1121 198 1157 nium
228 1123 381 1172 aequalis
414 1124 522 1159 facta.
588 1123 640 1160 At
660 1138 780 1173 regeS,
801 1126 860 1161 ubi
884 1125 927 1160 de
948 1124 1108 1160 adventu
1127 1122 1238 1159 Marii
1258 1138 1344 1174 cog-

97 1183 292 1219 noverunt,
330 1176 464 1213 diversi
496 1176 533 1211 in
554 1175 657 1213 locos
691 1178 856 1214 difficiles
887 1179 1052 1221 abeunt3
1082 1178 1131 1213 ita
1146 1176 1341 1225 Jugurthae

95 1227 300 1277 placuerat,
324 1229 501 1278 speranti,
521 1243 607 1265 mox
627 1230 768 1266 effusos
800 1230 918 1268 hostis
956 1230 1081 1266 invadi
1102 1243 1211 1279 posse
1231 1247 1237 1267 :
1270 1230 1343 1267 Ro-

95 1294 238 1326 manos,
258 1283 366 1319 sicuti
386 1283 600 1331 plerosque,
620 1289 760 1320 remoto
789 1290 902 1328 metu,
931 1283 1053 1320 laxius
1079 1283 1342 1333 licentiusque,

94 1334 253 1372 futuros.
312 1335 492 1372 Metellus
512 1336 656 1372 intere&
680 1336 835 1374 Romam
862 1338 1068 1387 profectuS,
1088 1343 1217 1373 contra
1236 1351 1341 1386 spem

95 1400 215 1432 suam,
270 1389 484 1425 laetissumis
528 1389 660 1426 animis
693 1390 900 1440 excipitur:
949 1390 1051 1440 plebi
1083 1390 1342 1440 patribusque,

94 1440 296 1490 postquAm
324 1442 461 1479 invidia
496 1442 721 1489 decesserat,
753 1445 861 1493 juxta
896 1452 1015 1481 carus.
1087 1443 1162 1480 Sed
1199 1444 1342 1481 Marius

95 1494 254 1544 impigre
281 1497 558 1546 prudenterque
596 1510 748 1534 suorum
784 1504 820 1535 et
852 1498 1015 1535 hostium
1045 1511 1103 1534 res
1124 1497 1261 1546 pariter
1289 1504 1343 1535 at—

94 1548 270 1586 tendere:
304 1563 529 1599 cognoscere
557 1550 646 1598 quid
678 1551 768 1587 boni
789 1552 966 1601 utrisque,
983 1557 1046 1588 aut
1065 1550 1194 1587 contra
1220 1557 1343 1597 esset3

96 1602 289 1649 explorare
307 1603 439 1638 itinera
456 1616 611 1652 regum:
652 1604 807 1641 consilia
835 1612 871 1642 et
900 1605 1053 1641 insidias
1083 1618 1209 1640 eorum
1241 1610 1343 1643 ante-

95 1654 245 1691 venire:
274 1655 363 1691 nihil
382 1656 481 1704 apud
500 1670 540 1692 se
572 1657 780 1701 remissum,
809 1672 929 1707 neque
961 1658 1061 1707 apud
1089 1657 1171 1694 illos
1205 1664 1341 1705 tutum,

94 1707 185 1756 pati.
238 1708 370 1758 Itaque
390 1715 427 1745 et
445 1709 628 1756 Gaetulos,
648 1717 684 1747 et
716 1711 952 1760 Jugurtham,
982 1724 1029 1747 ex
1062 1711 1172 1748 s0e1is
1204 1713 1341 1749 nostris

94 1761 261 1808 praedam
295 1768 462 1811 agentes,
496 1762 611 1811 saepe,
631 1777 832 1814 aggressus
851 1766 888 1801 in
906 1765 1051 1806 itinere,
1082 1765 1253 1812 fuderat3
1282 1766 1340 1816 ip-

96 1827 252 1863 sumque
282 1829 420 1865 regem,
445 1816 545 1852 haud
573 1818 706 1865 procul
729 1819 775 1854 ab
804 1818 941 1867 oppido
968 1817 1083 1862 Cirta,
1111 1819 1221 1855 armis
1253 1833 1341 1856 exu-

95 1873 185 1904 erat.
239 1868 333 1912 Quae
354 1869 551 1918 postquam
572 1870 732 1918 gloriosa
756 1870 882 1918 modo,
898 1885 1019 1920 neque
1040 1871 1128 1908 belli
1155 1873 1339 1921 patrandi,

95 1922 293 1970 cognovit:
324 1923 451 1958 statuit
470 1921 589 1966 urbis,
620 1938 702 1973 quae
735 1925 823 1962 viris
855 1931 919 1962 aut
951 1926 1034 1961 loco
1061 1939 1126 1974 pro
1155 1926 1340 1971 hostibus,

96 1979 134 2010 et
159 1975 359 2011 advorsum
389 1989 442 2019 se,
473 1978 812 2024 opportunissumae
845 1985 963 2023 erant,
995 1978 1162 2027 singulas
1182 1979 1339 2016 circum-

94 2027 241 2065 venire:
280 2029 332 2065 ita
361 2028 581 2075 Jugurtham
610 2036 673 2067 aut
702 2032 887 2080 praesidiis
919 2033 1110 2077 nudatum,
1139 2033 1170 2069 si
1199 2046 1243 2069 ea
1276 2047 1338 2082 pa-

96 2084 246 2127 teretur,
274 2087 338 2118 aut
367 2081 496 2130 proelio
529 2089 768 2122 certaturum.
837 2086 939 2122 Nam
969 2085 1143 2122 Bocchus
1178 2087 1336 2123 nuncios

96 2133 197 2181 saepe
222 2135 270 2171 ad
287 2149 371 2171 eum
391 2136 551 2178 miserat,
580 2136 673 2173 velle
706 2137 834 2187 populi
869 2139 1029 2175 Romani
1060 2140 1270 2184 amicitiam,
1288 2139 1337 2176 ne

95 2186 186 2234 quid
217 2189 264 2224 ab
285 2202 323 2224 se
343 2188 476 2225 hostile
496 2189 653 2226 timeret.
725 2191 770 2227 Id
790 2191 1081 2235 simulaveram,
1103 2191 1176 2243 quo
1197 2193 1335 2242 impro-

95 2239 194 2275 visus
214 2241 361 2290 gravior
379 2242 588 2286 accederet,
606 2257 665 2286 an,
681 2244 884 2281 mobilitate
902 2245 1054 2294 ingenii,
1073 2260 1202 2297 pacem
1222 2252 1331 2297 atque

92 2292 221 2330 tellum
240 2301 381 2331 mutare
398 2295 540 2341 solitus,
557 2309 687 2346 parum
702 2298 934 2349 exploratum
953 2304 1020 2337 est.
1082 2299 1156 2336 Sed
1177 2297 1324 2345 consul,
