1492 2531
364 55 580 95 BELLUM
609 56 630 93 J
634 51 1007 93 UGURTHINUM
1013 82 1021 90 .
1253 50 1303 88 65

74 169 165 209 erat,
184 168 238 207 ut,
259 163 392 199 absens
410 174 455 195 an
475 173 653 208 praesenS,
673 172 804 208 pacem
839 171 886 194 an
904 157 1043 194 bellum
1059 169 1208 206 gerens,
1225 168 1309 204 per-

74 217 247 253 niciosior
262 220 372 258 esset,
390 213 425 249 in
446 214 586 249 incerto
624 213 833 248 haberetur.
887 211 976 247 Erat
1008 207 1237 256 haudlonge
1258 209 1304 244 ab

74 284 118 306 eo
135 270 277 311 itinere,
309 281 383 317 quo
412 266 588 303 Metellus
619 266 811 315 pergebat,
843 264 1020 313 oppidum
1047 262 1308 322 Numidarum,

75 327 222 359 nomine
242 321 523 366 Vacca,101un1
549 333 672 356 rerum
709 318 893 355 venalium
931 318 1042 354 totius
1079 316 1184 365 regni
1212 328 1311 351 max-

74 374 160 411 ume
180 351 434 419 celebratum,
464 373 528 408 ubi
564 378 599 409 et
612 371 787 417 incolere
807 377 843 407 et
858 384 1025 415 nierequ
1041 374 1311 406 consueverant

76 428 196 464 Italici
216 428 363 477 generis
400 403 505 462 niulti
540 425 728 462 mortales,
803 423 889 460 Huc
926 423 1070 467 consul,
1089 422 1197 459 simul
1230 427 1310 458 ten-

76 481 176 517 tandi
191 482 323 532 arana
357 486 393 517 et
423 479 454 516 si
490 485 704 528 paterentur
741 478 1034 527 opp01tunitates
1070 476 1154 521 loci,
1191 475 1313 524 praesi-

78 535 178 570 (llum
197 537 398 583 imposuit,
444 532 624 580 praeterea
660 532 855 580 imperavit
890 531 1125 574 frumentum,
1160 535 1196 565 et
1228 528 1312 573 alia,

79 601 164 637 quae
196 588 292 624 bello
331 587 414 623 usui
432 587 565 632 forent,
599 590 852 634 comportare:
900 590 1014 629 ratus,
1044 584 1082 619 id
1117 582 1219 632 quod
1253 595 1313 618 res

79 643 266 685 monebat,
283 639 527 688 frequentiam
563 639 849 689 negotiatorum,
884 643 921 674 et
940 643 1183 673 commeatum
1206 648 1314 683 Juva-

80 700 199 730 tulum
220 696 434 736 exercitum,
456 703 492 729 et
511 693 618 729 etiam
640 693 777 752 paratis
798 668 910 728 rebus
935 690 1204 726 munimentum
1223 689 1315 726 sore.

81 747 181 783 Inter
199 747 277 784 haec
298 748 446 796 negotia
465 746 648 795 Jugurtha
677 745 880 794 impensius
902 742 1013 780 modo
1049 743 1192 791 leoatos
1230 755 1316 791 sup—

81 800 197 850 plices
234 801 392 843 mittere,
427 813 559 849 pacem
591 812 706 842 orare,
727 804 861 847 piaeter
897 811 1003 833 suam
1038 796 1315 856 liberorumque

80 855 207 896 vitain,
241 854 361 892 omnia
399 852 553 889 Metello
574 852 721 889 dedere.
791 851 897 894 Quos
934 852 1036 896 item,
1073 848 1126 885 uti
1163 850 1317 895 priores,

82 907 213 944 consul
248 907 391 944 illectos
428 907 475 942 ad
511 906 759 955 proditionem
809 906 957 940 domum
995 904 1191 940 mittebat:
1240 902 1319 950 regi

81 974 224 1009 pacem,
244 974 352 1009 quam
381 959 607 1009 postulabat,
628 972 747 1007 neque
782 959 960 1003 abnuere,
978 971 1099 1006 neque
1135 955 1319 1005 polliceri,
1344 971 1348 976 ’

84 1020 120 1050 et
151 1014 245 1050 inter
279 1027 340 1050 eas
361 1027 482 1049 moras
519 1012 701 1061 promissa
735 1011 940 1060 legatorum
978 1016 1185 1059 expectare.
1256 1009 1320 1044 Ju-

84 1067 232 1116 gurtha,
252 1067 316 1103 ubi
334 1065 482 1102 Metelli
503 1067 601 1102 dicta
619 1079 704 1101 cum
723 1065 829 1101 factis
867 1064 1089 1124 composuit,
1123 1076 1164 1099 ac
1186 1063 1260 1098 suis
1281 1075 1320 1098 se

85 1121 226 1156 artibus
245 1120 379 1156 tentari
415 1119 698 1163 animadvertit3
728 1118 867 1167 quippe
906 1118 964 1153 cui
997 1117 1118 1153 verbis
1138 1129 1210 1165 pax
1229 1129 1323 1151 nun-

86 1174 264 1218 ciabatur,
300 1172 474 1209 caeterum
518 1186 557 1209 re
604 1171 741 1208 bellum
785 1184 1040 1220 asperrumum
1089 1175 1188 1215 erat3
1232 1170 1322 1206 urbs

87 1239 260 1262 maxuma
278 1225 450 1271 alienata,
487 1239 576 1274 ager
610 1225 779 1261 hostibus
818 1225 1003 1273 cognitum,
1023 1224 1135 1259 animi
1169 1222 1326 1272 popula-

86 1279 180 1315 rium
199 1279 355 1324 tentati;
385 1284 534 1315 coactus
571 1291 695 1314 rerum
732 1277 1023 1322 necessitudine,
1060 1277 1188 1313 statuit
1212 1276 1323 1312 armis

88 1341 239 1368 certare.
293 1331 425 1381 Igitur,
445 1331 638 1381 explorato
674 1331 836 1367 hostium
869 1331 1012 1375 itinere,
1034 1330 1071 1366 in
1109 1343 1214 1378 spem
1246 1329 1325 1366 vic-

87 1385 191 1422 toriae
227 1385 409 1422 adductus
446 1399 492 1421 ex
529 1384 803 1434 opportunitate
852 1384 937 1429 loci,
973 1382 1086 1432 quam
1134 1396 1324 1419 maxumas

88 1444 212 1488 potest
245 1439 371 1487 copias
409 1439 570 1475 omnium
609 1451 784 1487 generum
826 1444 945 1486 parat,
981 1451 1023 1473 ac
1061 1450 1126 1485 per
1162 1437 1327 1472 tramites

90 1491 255 1528 occultos
276 1492 479 1529 exercitum
499 1491 643 1528 Metelli
679 1492 878 1528 antevenit.
950 1491 1040 1527 Erat
1075 1491 1113 1526 in
1146 1489 1190 1526 ea
1226 1494 1328 1538 parte

89 1545 281 1590 Numidae,
301 1559 415 1595 quam
435 1544 617 1582 Atherbal
636 1545 672 1580 in
711 1545 887 1581 divisione
918 1544 1148 1593 possederat,
1178 1543 1329 1588 flumen,

91 1598 213 1635 oriens
248 1598 269 1634 εὶ
306 1599 472 1642 meridie,
509 1598 656 1634 nomine
696 1597 877 1644 Muthul;
924 1597 1038 1646 aquo
1072 1598 1200 1633 aberat
1224 1610 1329 1633 mons

91 1651 207 1688 ferme
227 1651 340 1688 millia
376 1665 554 1700 passuum
589 1665 650 1688 xx.
682 1656 802 1687 tractu
837 1651 930 1700 pari,
967 1656 1094 1687 vastus
1114 1651 1160 1686 ab
1198 1650 1331 1686 natura

93 1710 130 1742 et
149 1705 307 1741 humano
328 1705 450 1741 cultu:
482 1705 548 1741 sed
569 1718 616 1740 ex
648 1719 692 1741 eo
712 1705 832 1740 medio
862 1705 966 1753 quasi
1003 1704 1109 1740 collis
1129 1704 1330 1749 oriebatur,

94 1758 129 1793 in
165 1758 384 1794 immensum
422 1758 623 1806 pertinenS,
664 1758 820 1794 vestitus
871 1758 1027 1794 oleastro
1061 1771 1102 1793 ac
1149 1757 1330 1804 myrtetis,

94 1810 250 1860 aliisque
288 1812 487 1861 generibus
525 1813 711 1855 arborum,
733 1824 816 1859 quae
852 1811 953 1847 humi
972 1810 1086 1856 arido,
1123 1816 1233 1860 atque
1254 1823 1331 1847 are-

93 1878 185 1902 noso
222 1866 436 1914 gignuntur.
492 1864 621 1900 Media
642 1870 765 1901 autem
786 1864 964 1913 planicies
1003 1864 1146 1901 deserta
1174 1864 1330 1912 penuria

95 1932 216 1967 aquae,
235 1926 369 1967 praeter
387 1917 526 1954 flumini
544 1918 752 1966 propinqua
770 1917 854 1954 loca
871 1933 878 1954 ε
909 1931 965 1962 ea,
986 1918 1129 1954 consita
1153 1917 1327 1960 arbustis,

95 1984 229 2020 pecore
243 1977 353 2019 atque
370 1970 574 2007 cultoribus
588 1971 928 2020 frequentabantur.
974 1971 1094 2021 Igitur
1112 1972 1149 2007 in
1168 1984 1212 2007 eo
1232 1970 1326 2007 colle

96 2037 207 2072 quem
243 2031 455 2061 transvorso
491 2024 620 2060 itinere
657 2030 870 2073 porrectum
906 2024 1112 2070 docuimus,
1144 2024 1327 2073 ,Iugurtha

97 2079 296 2114 extenuata
316 2090 465 2113 suorum
483 2077 560 2113 acie
582 2077 750 2114 consedit
767 2093 774 2114 z
805 2077 1024 2127 elephantis,
1038 2085 1073 2114 et
1091 2077 1187 2127 parti
1205 2078 1327 2126 copia-

98 2144 177 2166 rum
214 2131 454 2180 pedestrium,
485 2129 731 2167 Bomilcarem
762 2131 958 2179 praet'ecit;
986 2144 1143 2180 eumque
1180 2131 1326 2176 edocet,

99 2196 183 2231 quae
201 2189 352 2233 ageret:
383 2185 464 2232 ipse
482 2185 634 2232 propior
651 2188 825 2229 montem,
854 2198 938 2220 cum
966 2185 1064 2221 omni
1091 2184 1257 2233 equitatu
1290 2189 1326 2219 et

100 2236 284 2285 peditibus
304 2237 470 2282 delectis,
488 2250 574 2272 suos
607 2236 764 2273 collocat
784 2253 791 2273 :
823 2237 906 2273 dein
926 2238 1093 2287 singulas
1112 2244 1250 2273 turmas
1287 2242 1324 2273 et

101 2289 306 2338 manipulos
343 2290 560 2327 circumiens
594 2295 732 2334 monet,
750 2296 861 2340 atque
898 2292 1116 2336 obtestatur,
1148 2287 1215 2335 uti,
1246 2303 1325 2326 me-
