1492 2531
357 70 572 109 BELLUM
600 67 842 108 JUGURTH
848 66 907 104 IN
911 68 1001 106 UM.
1278 60 1329 103 49

95 191 166 226 que
201 176 312 221 bello,
345 189 463 224 neque
508 187 600 223 pace
637 171 746 209 antea
795 171 963 220 cognitis.
1018 171 1076 207 De
1110 167 1254 215 Africa,
1294 175 1330 206 et

96 233 176 282 ejus
195 229 336 274 incolis,
355 229 402 264 ad
421 226 732 264 necessitudinem
750 226 803 262 rei
820 224 911 261 satis
931 225 1080 260 dictum.

151 281 369 332 Postquam,
396 295 510 331 regno
547 281 678 322 diviso,
710 279 824 328 legati
862 277 991 314 Africa
1026 276 1248 322 decessere3
1295 281 1332 313 et

95 336 290 385 Jugurffla,
324 340 451 371 contra
479 335 649 370 timorem
682 333 806 375 animi,
850 332 1001 380 praemia
1031 331 1182 367 sceleris
1215 330 1332 378 adep·-

98 396 174 427 tum
196 403 277 426 sese
305 389 427 433 videt3
455 393 593 424 certum
627 391 741 431 ratus,
775 385 874 434 quod
901 399 946 421 ex
977 385 1104 421 amicis
1137 384 1238 433 apud
1253 384 1337 420 Nu»

95 442 272 479 mantiam
301 447 508 490 acceperat,
528 440 650 477 omnia
685 440 816 476 Romae
845 438 992 475 venalia
1021 452 1125 482 esse;
1155 437 1264 474 simul
1297 442 1334 473 et

96 495 243 533 illorum
278 495 605 543 pollicitationibus
637 507 835 538 accensus,
868 505 962 541 quos
991 490 1102 540 paulo
1133 490 1219 527 ante
1248 504 1332 526 mu-

96 549 248 586 neribus
274 549 500 598 expleverat,
533 548 570 583 in
602 561 758 597 regnum
786 545 1001 582 Atherbalis
1027 545 1188 581 animum
1216 544 1335 581 inten-

99 603 164 639 dit.
222 602 309 650 Ipse
347 615 444 645 acer,
474 601 694 638 bellicosus:
726 607 763 636 at
786 600 830 645 is,
850 612 960 648 quem
986 600 1152 647 petebat,
1173 598 1335 647 quietus,

98 655 272 700 imbellis,
313 655 482 703 placidus
510 655 674 704 ingenio,
711 659 941 702 opportunus
974 652 1130 702 injuriae,
1166 657 1336 688 metuens

97 708 233 759 magis,
260 707 370 756 quz‘tm
400 709 631 744 metuendus.
685 706 806 757 Igitur
839 720 884 743 ex
916 706 1119 754 improviso
1151 703 1234 740 finis
1256 706 1336 755 ejus

100 776 184 798 cum
218 762 354 811 magna
385 775 495 797 manu
526 761 686 797 invadit:
718 760 853 797 multos
888 758 1068 804 mortalis,
1100 772 1184 794 cum
1203 772 1337 804 pecore

99 821 211 864 atque
240 814 312 851 alia
341 815 481 863 praeda,
516 815 637 864 capit:
669 814 824 850 aedificia
852 813 1029 856 incendit,
1060 812 1238 861 pleraque
1275 812 1339 848 ho-

100 869 233 905 stiliter
269 868 351 904 loca
387 882 471 903 cum
509 869 674 916 equitatu
711 867 865 903 accedit.
938 865 1085 902 Deinde
1119 880 1204 901 cum
1241 865 1339 901 omni

100 922 333 959 multitudine
363 921 399 957 in
420 935 576 971 regnum
611 934 718 957 suum
749 919 944 965 convertit,
964 920 1191 956 existumans
1212 918 1339 955 dolore

100 981 310 1024 permotum
341 974 582 1011 Atherbalem
609 974 763 1023 injurias
796 987 882 1009 suas
912 987 1024 1009 manu
1055 973 1342 1018 vindicaturum,

101 1042 257 1078 eamque
290 1042 367 1065 rem
396 1028 486 1064 belli
505 1042 655 1064 causam
680 1028 769 1064 fore.
824 1028 876 1063 At
912 1026 987 1071 ille,
1029 1025 1131 1075 quod
1159 1040 1280 1075 neque
1302 1040 1342 1062 se

102 1096 231 1131 parem
267 1082 377 1117 arinis
427 1081 689 1126 existumabat,
724 1086 760 1117 et
803 1079 964 1116 amicitia
1006 1079 1138 1128 populi
1179 1079 1343 1115 Romani

102 1134 239 1183 magis,
253 1134 365 1183 quum
385 1133 573 1179 Numidis,
606 1134 720 1170 fretus
741 1139 841 1179 erat3
868 1133 1012 1183 legatos
1043 1133 1091 1169 ad
1118 1132 1342 1182 Jugurtham

104 1188 148 1225 de
168 1188 310 1237 injuriis
331 1194 503 1237 questum
530 1187 649 1223 misit:
681 1187 744 1236 qui
772 1188 919 1223 tametsi
949 1186 1216 1222 contumeliosa
1245 1186 1345 1222 dicta

104 1241 323 1278 retulerant:
355 1240 458 1289 prius
496 1247 617 1277 tamen
646 1240 769 1276 omnia
798 1240 875 1288 pati
913 1239 1090 1281 decrevit,
1125 1239 1235 1288 quam
1268 1239 1347 1276 bel-

103 1294 179 1330 lum
219 1307 385 1330 sumere:
416 1294 503 1342 quia
536 1299 716 1329 tentatum
763 1291 873 1329 antea
891 1293 999 1329 secus
1030 1298 1204 1330 cesserat.
1261 1292 1345 1329 Ne-

105 1362 177 1396 que
200 1346 245 1383 εό
275 1346 396 1396 magis
429 1347 565 1395 cupido
594 1346 788 1396 Jugurthae
822 1345 1077 1382 minuebatur:
1109 1346 1250 1395 quippe
1280 1347 1343 1396 qui

104 1406 223 1437 totum
258 1402 336 1449 ejus
375 1414 527 1448 regnum
564 1400 686 1436 animo
718 1400 796 1449 jam
831 1400 1030 1436 invaserat.
1085 1399 1217 1450 Itaque
1255 1414 1344 1445 non,

106 1461 147 1490 ut
178 1453 301 1499 anteit,
335 1467 419 1490 cum
454 1453 677 1502 praedatorizi
713 1467 837 1498 manu,
874 1453 954 1496 sed,
1003 1467 1139 1502 magno
1178 1453 1343 1490 exercitu

107 1512 333 1556 comparat0‚
366 1506 506 1543 bellum
538 1520 667 1555 gerere
698 1507 822 1555 coepit,
855 1513 892 1543 et
919 1505 1047 1556 aperte
1067 1507 1181 1543 totius
1210 1506 1345 1543 Numi-

107 1560 178 1596 diae
212 1560 406 1609 imperium
438 1566 578 1609 petere.
646 1559 832 1597 Caeterum
888 1562 963 1609 quii
996 1561 1189 1608 pergebat,
1225 1558 1344 1604 urbis,

107 1627 217 1663 agros
249 1619 409 1659 vastare,
440 1614 585 1662 praedas
616 1627 752 1663 agere;
782 1613 858 1649 suis
879 1615 1053 1658 animum,
1082 1614 1252 1650 hostibus
1274 1618 1346 1650 ter-

107 1680 241 1710 rorem,
261 1680 408 1716 augere.
462 1667 644 1703 Atherbal
670 1667 734 1703 ubi
763 1666 936 1715 intelligit
962 1666 1007 1704 eo
1039 1681 1267 1715 processum,
1288 1665 1343 1703 uti

107 1734 263 1769 regnum
293 1726 356 1756 aut
396 1720 681 1770 relinquendum
711 1726 822 1765 esset,
861 1726 924 1756 aut
955 1721 1065 1756 armis
1095 1720 1344 1764 retinendum,

109 1771 319 1809 necessario
369 1774 495 1822 copias
532 1779 650 1822 parat,
687 1778 723 1809 et
754 1773 949 1822 Jugurthae
986 1773 1118 1810 obvius
1166 1774 1344 1822 procedit.

109 1825 264 1862 Interim
292 1827 385 1862 haud
413 1825 525 1876 longe
552 1826 574 1862 εὶ
592 1827 682 1862 mari
702 1840 816 1875 prope
846 1827 982 1863 Cirtam
1013 1827 1191 1875 oppidum
1210 1827 1346 1863 utrius-

110 1893 182 1928 que
211 1880 379 1916 consedit
404 1880 607 1917 exercitus:
639 1886 675 1916 et
694 1880 779 1928 quia
807 1880 880 1916 diei
900 1886 1105 1917 extremum
1137 1886 1227 1923 erat,
1248 1894 1345 1929 prce-

110 1933 200 1969 lium
233 1947 307 1969 non
333 1933 547 1981 inceptum3
577 1934 644 1969 sed
668 1933 730 1969 ubi
751 1934 968 1982 plerumque
1004 1934 1125 1970 noctis
1150 1935 1346 1982 processit,

112 1987 273 2023 obscuro
323 1987 434 2022 etiam
487 1992 563 2023 tum
613 1986 764 2032 lumine,
794 1986 928 2023 milites
974 1987 1200 2036 Jugurthini,
1238 1988 1346 2036 signo

114 2039 213 2084 dato,
233 2044 352 2076 castra
380 2039 539 2076 hostium
567 2040 765 2081 invadunt3
804 2041 1044 2077 semisomnos
1075 2039 1225 2089 partim,
1254 2041 1346 2077 alios

113 2105 215 2128 arma
245 2098 444 2131 sumentes,
471 2093 614 2142 sugant,
636 2093 892 2143 funduntque:
951 2093 1132 2130 Atherbal
1153 2108 1235 2130 cum
1260 2108 1348 2142 pau—

115 2144 167 2180 cis
200 2146 386 2194 equitibus
423 2146 562 2182 Cirtam
597 2147 782 2195 profugit:
812 2152 861 2187 et,
894 2145 933 2183 ni
969 2147 1168 2183 multitudo
1202 2154 1348 2196 togato-

115 2211 195 2233 rum
228 2199 375 2244 suisset,
400 2213 482 2249 quae
518 2199 704 2235 Numidas
737 2200 976 2249 insequentes
1012 2201 1195 2237 moenibus
1233 2200 1353 2249 prohi-

114 2251 208 2295 buit,
228 2266 300 2288 uno
331 2253 390 2289 die
420 2254 514 2290 inter
547 2253 641 2289 dnos
676 2266 782 2301 reges
820 2260 996 2302 coeptum,
1025 2260 1135 2302 atque
1167 2260 1351 2303 patratum

115 2304 220 2348 foret,
255 2304 409 2344 bellum.
476 2306 597 2356 Igitur
638 2306 822 2354 Jugurtha
862 2307 1041 2356 oppidum
1093 2307 1351 2344 circumsedit:

689 2372 714 2395 D
