1492 2531
99 84 176 122 150
485 84 558 122 AD
589 84 631 122 C.
661 84 929 125 CAESAREM

526 392 821 436 EPISTOLA
851 393 909 434 ΙΙ.

487 592 561 630 AD
594 591 636 630 e.
666 570 948 631 cAEsAREM.

108 820 260 901 SCIO
280 834 365 870 ego,
384 818 497 870 quam
519 820 665 857 difficile
695 825 806 871 atque
840 833 1013 870 asperum
1036 820 1137 858 factu
1167 821 1227 866 sit,
1253 834 1339 858 con-

197 874 320 912 silium
355 874 441 911 dare
471 874 550 924 regi
578 880 641 910 aut
675 874 912 923 imperatori3
949 872 1137 923 postremo
1166 874 1338 924 cuiquam

98 928 257 973 mortali,
289 928 393 979 cujus
424 941 514 976 opes
543 928 581 964 in
611 927 759 964 excelso
786 934 892 964 sunt:
925 927 1064 976 quippe
1095 926 1179 964 cum
1199 933 1236 964 et
1260 928 1339 966 illis

99 982 354 1020 consultorum
391 981 508 1030 copiae
543 981 693 1027 adsint;
740 994 861 1030 neque
898 981 944 1017 de
979 980 1104 1017 futuro
1141 981 1338 1030 quisquam

98 1035 190 1073 satis
224 1035 393 1079 callidus,
431 1034 597 1084 satisque
633 1034 797 1083 prudens
829 1035 886 1071 sit,
957 1033 1057 1077 Quia
1091 1035 1200 1071 etiam
1237 1034 1339 1084 saepe

96 1103 212 1139 prava
246 1087 380 1138 magis,
416 1087 529 1138 quam
564 1089 676 1133 bona,
713 1087 868 1124 consilia
913 1088 1094 1136 prospere
1139 1088 1335 1124 eveniunt:

100 1143 188 1192 quia
219 1142 415 1192 plerasque
445 1155 505 1178 res
525 1141 672 1178 fortuna
703 1153 752 1177 ex
782 1141 948 1178 lubidine
981 1141 1050 1177 sua
1081 1141 1211 1190 agitat.
1263 1140 1340 1178 Sed

98 1196 190 1233 mihi
208 1196 371 1232 studium
393 1195 474 1238 fuit,
500 1194 793 1239 adolescentulo,
822 1194 1090 1243 rempublicam
1119 1207 1339 1244 capessere;

98 1256 209 1299 atque
225 1249 263 1286 in
276 1249 322 1285 ea
337 1248 599 1298 cognoscenda
617 1248 771 1285 multam
799 1261 1046 1297 magnamque
1063 1261 1189 1284 curam
1209 1247 1339 1284 habui:

99 1317 175 1340 non
194 1303 257 1347 ita,
277 1301 332 1339 uti
360 1301 619 1351 magistratum
648 1299 760 1338 mode
780 1314 962 1350 caperem,
982 1314 1093 1351 quem
1111 1301 1217 1338 multi
1235 1300 1341 1337 malis

101 1357 243 1394 artibus
279 1355 406 1405 adepti
440 1360 543 1392 erant
554 1370 564 1401 3
593 1355 660 1391 sed
688 1356 813 1401 etiam,
840 1353 894 1391 uti
936 1353 1203 1404 rempublicam
1239 1353 1340 1390 domi

100 1410 331 1459 militiaeque,
368 1408 623 1459 quantumque
661 1409 785 1453 armis,
821 1408 923 1453 viris,
968 1407 1157 1458 opulentia
1198 1412 1341 1455 posset,

101 1464 292 1514 cognitum
321 1462 508 1499 haberem.
569 1464 698 1511 ltaque
731 1461 830 1507 mihi,
855 1463 972 1498 multa
1000 1474 1086 1497 cum
1114 1460 1235 1497 animo
1263 1462 1343 1510 agi-

100 1518 206 1563 tanti,
243 1515 438 1553 consilium
472 1516 553 1559 fuit,
591 1515 727 1552 famam
766 1514 1057 1564 modestiamque
1102 1527 1221 1550 meam
1256 1519 1342 1563 post

100 1577 204 1608 tuam
223 1570 440 1619 dignitatem
461 1569 612 1614 habere,
643 1574 679 1605 et
709 1569 812 1619 cujus
842 1568 896 1605 rei
924 1568 1027 1605 lubet
1055 1566 1262 1618 periculum
1288 1567 1343 1603 fa-

103 1638 201 1670 cere,
230 1624 318 1660 dum
348 1623 439 1673 quid
467 1623 534 1659 tibi
563 1635 609 1658 ex
638 1636 682 1659 eo
710 1621 836 1671 gloriae
869 1622 1064 1658 accideret.
1119 1620 1239 1670 quue
1267 1633 1342 1657 non

102 1676 256 1722 temere,
293 1682 357 1713 aut
393 1690 437 1713 ex
476 1676 623 1712 fortuna
657 1676 737 1720 tua,
779 1675 949 1722 decrevi;
994 1674 1061 1712 sed
1095 1674 1182 1723 quia
1218 1674 1256 1710 in
1291 1679 1342 1718 te,

101 1736 237 1780 praeter
264 1735 431 1775 caeteras,
460 1735 576 1767 artem
606 1742 717 1765 unam
750 1728 902 1778 egregie
931 1728 1135 1764 mirabilem
1167 1727 1342 1776 comperi,

102 1798 250 1834 semper
276 1783 345 1820 tibi
363 1784 539 1833 majorem
558 1783 594 1819 in
614 1783 797 1826 adversis,
825 1781 939 1831 quam
956 1782 995 1818 in
1013 1781 1202 1824 secundis,
1229 1781 1341 1817 rebus

103 1838 266 1874 animum
294 1850 388 1874 esse.
441 1837 530 1879 Sed,
558 1850 626 1885 per
653 1836 742 1872 deos
770 1835 1006 1880 immortales,
1032 1834 1097 1870 illa
1125 1847 1184 1871 res
1213 1833 1344 1870 clarior

103 1897 173 1937 est,
193 1890 297 1941 quod
315 1895 351 1926 et
369 1889 472 1939 prius
493 1889 629 1926 defessi
647 1890 721 1926 sint
738 1889 906 1925 homines
935 1888 1122 1925 laudando
1150 1893 1261 1937 atque
1280 1886 1343 1922 ad-

103 1945 268 1981 mirando
288 1943 575 1980 munificentiam
595 1948 707 1985 tuam,
728 1941 841 1993 quam
860 1947 899 1979 tu
918 1942 1088 1978 faciendo
1113 1954 1196 1990 quae
1223 1938 1343 1989 glori&

105 1998 219 2048 digna
246 2002 381 2034 essent.
433 1996 620 2046 Equidem
648 1996 736 2032 mihi
767 1999 955 2032 decretum
982 2000 1050 2041 est,
1079 1993 1169 2031 nihil
1196 1998 1271 2030 tam
1296 2006 1342 2029 ex

104 2051 180 2088 alto
216 2050 367 2099 reperiri
401 2063 528 2098 posse,
565 2049 665 2098 quod
696 2063 771 2086 non
798 2049 975 2098 cogitanti
1010 2048 1076 2085 tibi
1103 2048 1140 2084 in
1167 2051 1343 2096 promptu

107 2105 165 2141 sit.
218 2103 356 2153 Neque
376 2116 461 2152 ego,
489 2116 574 2152 quae
602 2103 681 2139 visa
700 2108 799 2148 sunt,
818 2102 863 2138 de
882 2101 1076 2151 republica
1103 2100 1171 2136 tibi
1198 2099 1345 2148 scripsi,

107 2160 196 2208 quia
213 2156 301 2193 mihi
320 2156 514 2193 consilium
541 2161 652 2205 atque
673 2155 870 2205 ingenium
898 2169 1021 2192 meum
1049 2152 1206 2202 amplius
1236 2165 1343 2202 aequo

108 2212 353 2261 probaretur:
399 2209 466 2246 sed
492 2210 586 2245 inter
620 2208 768 2245 labores
805 2208 961 2254 militiae,
993 2208 1161 2256 interque
1196 2205 1342 2256 proelia,

106 2264 295 2309 victorias,
330 2263 539 2312 imperium,
574 2262 686 2299 statui
722 2262 994 2298 admonendum
1029 2266 1064 2297 te
1102 2260 1148 2296 de
1185 2258 1343 2306 negotiis

107 2318 268 2354 urbanis.
323 2315 496 2365 Namque
525 2316 593 2352 tibi
620 2316 651 2352 si
679 2315 719 2352 id
746 2313 858 2351 modo
877 2315 914 2351 in
934 2319 1082 2364 pectore
1104 2312 1246 2350 consilii
1275 2317 1343 2356 est,
