1492 2531
400 133 613 173 BELLUM
644 132 1035 173 CATILINARUM.
1301 129 1325 166 9

107 237 274 275 Catilinae
297 237 454 287 inceptis
473 238 630 274 favebat.
684 236 830 281 Quibus
859 236 896 273 in
924 237 998 274 otio
1026 235 1082 274 vel
1115 234 1320 285 magnifice,

107 291 164 327 vel
183 291 339 328 molliter
369 292 490 328 vivere
520 291 627 340 copia
656 296 745 336 erat,
770 290 908 327 incerta
934 303 1000 339 pro
1026 289 1148 335 certis,
1179 288 1318 325 bellum

105 343 216 392 quum
248 358 388 393 pacem,
420 344 616 381 malebant.
671 342 790 380 Fuere
822 344 908 380 item
932 342 976 380 ea
1002 347 1233 391 tempestate,
1252 341 1316 391 qui

105 398 294 434 crederent
313 398 366 434 M.
384 396 566 433 Licinium
586 397 757 434 Crassum
777 410 847 433 non
873 397 1041 446 ignarum
1067 397 1146 446 ejus
1174 394 1317 432 consilii

104 449 238 487 fuisse:
269 451 357 500 quia
369 449 663 500 Cn.Pompe'ius,
677 450 814 486 invisus
830 450 912 499 ipsi,
930 463 1103 500 magnum
1115 449 1314 486 exercitum

103 502 295 540 ductabat:
336 504 495 553 cujusvis
524 517 614 553 opes
642 503 804 540 voluisse
837 510 962 540 contra
989 503 1084 539 illius
1117 502 1315 551 potentiam

103 569 290 593 crescere:
331 556 437 593 simul
460 557 652 602 confisum,
682 557 713 593 si
755 557 954 607 conjuratio
988 556 1173 602 valuisset,
1208 555 1316 592 facile

105 610 206 658 apud
223 610 303 647 illos
322 610 526 660 principem
545 622 584 647 se
599 611 690 647 fore.

153 663 229 700 Sed
259 669 367 700 antea
393 663 479 700 item
504 663 740 714 conjuravere
772 663 897 712 pauci;
925 662 960 698 in
982 662 1115 712 quibus
1148 662 1314 700 Catilina.

102 714 160 752 De
176 715 252 765 qua
277 730 330 762 re,
347 716 459 766 quam
477 715 679 753 verissume
703 722 842 766 potero,
866 717 996 752 dicam.
1052 716 1094 752 L.
1113 715 1238 760 Tullo,
1258 715 1315 755 M.

101 767 243 818 Lepido
262 783 372 814 coss„
401 770 443 806 P.
462 769 663 806 Autronius
682 776 718 807 et
736 770 777 807 Ρ.
795 769 911 815 Sulla,
931 769 1111 820 designati
1131 770 1314 813 consules,

100 821 244 870 legibus
263 822 419 859 ambitus
447 823 672 873 interrogati,
695 837 823 873 poenas
853 823 1040 860 dederant.
1093 823 1187 860 Post
1204 821 1316 872 paulo

103 874 272 920 Catilina,
298 876 537 925 pecuniarum
568 877 853 926 repetundarum
882 890 979 920 reuS,
1009 876 1213 926 prohibitus
1238 884 1317 914 erat

101 934 224 977 petere
254 929 511 971 consulatum:
555 930 657 979 quod
687 928 783 966 intra
811 929 995 979 legitimos
1035 930 1111 966 dies
1153 931 1317 979 profiteri

100 982 313 1031 nequiverit.
380 983 471 1020 Erat
505 983 634 1020 eodem
664 988 829 1032 tempore
869 984 934 1020 Cn.
962 983 1063 1029 Piso,
1098 983 1317 1021 adolescens

99 1035 248 1081 nobilis,
267 1050 420 1073 summae
449 1037 626 1082 audaciae,
646 1050 773 1086 egens,
798 1037 997 1080 factiosus3
1025 1049 1133 1085 quem
1163 1038 1209 1073 ad
1228 1051 1312 1087 per-

99 1089 317 1125 turbandam
341 1088 608 1139 rempublicam
631 1089 754 1138 inopia
773 1096 881 1139 atque
901 1089 985 1126 mali
1009 1103 1129 1127 mores
1154 1090 1316 1128 stimula-

100 1141 210 1179 bant:
241 1156 323 1179 cum
342 1143 412 1180 hoc
440 1143 598 1178 Catilina
622 1149 659 1179 et
686 1143 902 1186 Autronius,
931 1144 1074 1180 circiter
1098 1157 1212 1180 nonas
1238 1144 1315 1181 Dea

100 1196 249 1238 cembn,
297 1195 450 1232 consilio
495 1196 776 1239 communicato,
815 1197 994 1245 parabant
1035 1197 1069 1232 in
1118 1196 1315 1246 Capitolio,
1366 1216 1369 1218 ·

100 1247 268 1284 kalendis
285 1248 450 1292 Januar„
478 1248 521 1285 L.
537 1249 682 1285 Cottam
713 1254 748 1285 et
774 1249 816 1284 L.
836 1249 1065 1299 Torquatum
1089 1263 1184 1287 coss.
1202 1251 1314 1287 iuter-

100 1301 231 1337 ficere:
260 1301 343 1349 ipsi,
371 1302 533 1339 fascibus
557 1302 748 1351 correptis,
770 1301 941 1339 Pisonem
972 1317 1054 1339 cum
1079 1304 1241 1340 exercitu
1268 1306 1317 1341 ad

101 1353 319 1390 obtinendas
342 1355 434 1391 duas
458 1355 657 1404 Hispanias
688 1355 851 1392 mittere:
882 1354 925 1392 ea
954 1370 992 1392 re
1013 1355 1174 1406 cognita,
1188 1371 1314 1395 rursus

99 1406 136 1442 in
166 1407 340 1445 Februar.
370 1420 486 1444 nonas
525 1408 720 1445 consilium
750 1408 863 1445 caedis
892 1409 1163 1447 transtulerunt,
1231 1410 1313 1448 Jam

97 1465 176 1496 tum
194 1474 267 1497 non
286 1461 500 1498 consulibus
519 1459 642 1504 modo,
671 1462 735 1498 sed
761 1462 945 1512 plerisque
965 1463 1210 1503 senatoribus.
1231 1478 1314 1512 per-

98 1513 231 1550 niciem
261 1515 574 1552 machinabantur.
627 1513 738 1559 Quod
767 1514 805 1551 ni
825 1516 980 1552 Catllina
1002 1516 1221 1554 maturasset
1250 1531 1315 1566 pro

101 1566 201 1602 curia
219 1567 364 1617 signum
402 1569 511 1605 sociis
544 1569 652 1613 dare3
683 1582 727 1605 eo
760 1568 832 1615 die,
861 1575 944 1618 post
972 1570 1154 1606 conditam
1187 1572 1316 1608 urbem

99 1619 268 1666 Romam,
286 1634 497 1669 pessumum
514 1621 655 1658 facinus
675 1627 855 1670 patratum
874 1622 980 1659 foret.
1037 1623 1135 1666 Quia
1153 1625 1316 1661 nondum

99 1672 310 1722 frequentes
341 1675 470 1711 armati
499 1680 768 1721 couvenerant3
798 1689 842 1712 ea
868 1690 927 1712 res
947 1677 1140 1713 consilium
1159 1678 1315 1716 diremit.

101 1725 240 1763 Postea
288 1727 377 1764 Piso
426 1728 463 1764 in
509 1727 724 1765 Citeriorem
773 1728 991 1778 Hispaniam
1036 1737 1201 1779 quaestor
1245 1746 1312 1781 pro

101 1786 257 1827 praetore
284 1781 416 1817 missus
449 1786 519 1826 est,
558 1781 746 1818 adnitente
780 1781 935 1828 Crasso3
981 1781 1080 1832 quod
1128 1797 1211 1820 eum
1256 1786 1313 1821 in-

99 1833 231 1869 festum
265 1834 330 1870 Cn.
362 1834 540 1883 Pompeio
567 1840 802 1884 cognoverat.
856 1834 987 1885 Neque
1016 1843 1134 1873 tamen
1166 1845 1315 1875 senatus

100 1886 325 1934 provinciam
358 1887 493 1924 invitus
539 1888 711 1934 dederat3
754 1888 893 1938 quippe
941 1890 1079 1926 foedum
1131 1891 1315 1929 hominem

100 1937 123 1977 ὲ
161 1938 353 1987 republica
393 1940 519 1989 procul
560 1941 690 1978 abesse
732 1941 880 1978 volebat
893 1957 903 1989 ;
947 1943 1066 1989 simul,
1101 1945 1188 1993 quia
1229 1946 1316 1982 boui

100 1992 307 2041 complures
340 1994 551 2042 praesidium
584 1994 622 2030 in
654 2008 698 2032 eo
729 1996 922 2044 putabant,
961 2003 997 2033 et
1026 1998 1102 2047 jam
1138 2005 1215 2034 tum
1251 2013 1317 2048 po-

100 2046 214 2082 tentia
258 2047 327 2083 Cn.
374 2046 545 2097 Pompeii
588 2047 825 2085 formidolosa
868 2055 955 2086 erat.
1024 2050 1100 2087 Sed
1140 2051 1171 2087 is
1212 2052 1314 2098 Piso,

100 2099 136 2135 in
164 2099 404 2148 provinciam,
432 2101 479 2138 ab
509 2100 692 2149 equitibus
731 2101 921 2151 Hispanis,
951 2117 1044 2153 quos
1077 2104 1112 2140 in
1153 2106 1316 2142 exercitu

102 2153 289 2199 ductabat,
307 2152 376 2190 iter
402 2154 538 2190 faciens
567 2154 711 2191 occisus
747 2161 811 2191 est.
866 2156 960 2192 Sunt
988 2157 1051 2206 qui
1082 2157 1132 2194 ita
1164 2157 1314 2204 dicunt3

102 2205 256 2254 imperia
286 2206 365 2256 ejus
398 2206 545 2256 injusta,
577 2208 748 2256 superba,
781 2208 956 2252 crudelia,
989 2211 1164 2247 barbaros
1194 2213 1318 2260 nequi-

102 2258 197 2294 visse
215 2259 313 2308 pati:
344 2259 405 2296 alii
432 2265 565 2300 autem.
597 2261 740 2309 equites
759 2261 855 2305 illos,
887 2263 954 2300 Cn.
985 2265 1146 2312 Pompeii
1176 2272 1316 2301 veteres

102 2311 268 2361 fidosque
297 2312 464 2359 clientes,
481 2313 666 2350 voluntate
685 2315 763 2364 ejus
783 2315 955 2352 Pisonem
982 2329 1201 2366 aggressos:
1230 2332 1319 2354 nuu-

105 2377 215 2414 quam
246 2365 432 2416 Hispanos
461 2366 639 2416 praeterea
672 2367 743 2405 tale
778 2368 922 2406 facinus
964 2370 1108 2415 fecisse,
1155 2371 1220 2407 sed
1255 2373 1318 2408 im-

710 2420 773 2457 132
