1492 2531
148 79 220 116 138
618 81 890 120 SALLUSTII

142 180 216 218 illis
235 182 399 232 ingenita
417 190 473 221 est
492 185 668 221 sanctitas
687 186 780 236 regii
816 187 988 223 nominis.
1048 186 1146 223 [dem
1162 200 1175 229 ;
1203 191 1238 223 et
1264 187 1376 239 Phyl-

147 236 340 286 argyrites.

199 289 300 325 Dum
318 290 469 327 inferior
487 291 585 326 omni
604 291 664 328 via
683 299 922 342 grassaretur.
977 292 1139 330 Jscmnes
1156 293 1375 331 Grammat.

199 341 377 379 Narbone
416 344 571 380 concilia
591 345 797 382 Gallorum.
851 346 1056 397 Pompeius
1072 347 1110 383 in
1139 352 1263 384 artem
1295 347 1374 384 Do-

146 394 243 432 nati.

198 449 290 486 Post
308 449 549 487 defectionem
569 451 751 488 sociorum
784 459 820 489 et
851 452 960 489 Latii.
1015 451 1202 500 Donatus,
1220 453 1376 504 Adelph.

147 506 220 538 act.
239 503 290 539 iii.
311 517 361 539 sc.
377 502 414 539 4.

199 555 243 591 Id
260 556 345 592 Jovi
380 557 549 593 mandem
568 562 707 594 nostro.
763 557 880 604 Idem,
898 559 945 595 ib.
965 560 1012 596 iv.
1035 561 1070 597 2.

199 608 328 645 Morbi
353 623 486 659 graves
507 612 554 646 ob
573 610 731 647 inediam
752 612 899 648 insolita
918 613 1165 650 vescentibus.
1219 613 1334 652 Idem.

198 663 322 711 Atque
342 676 385 698 ea
405 669 607 713 cogentes3
634 678 708 700 non
729 671 892 711 coactos,
911 666 1089 703 scelestos
1122 665 1244 716 magis
1264 668 1376 717 quam

144 715 302 753 miseros
322 716 502 766 distringi.
558 716 674 754 Idem.

202 770 373 806 Graviori
391 769 504 814 bello,
526 771 589 821 qui
625 770 847 820 prohibituri
882 777 1058 808 venerant
1093 772 1197 818 socii,
1233 772 1377 824 frigere.

148 824 265 860 Idem.

198 875 295 912 Nam
315 877 465 926 quidem
484 877 643 927 Pyrrho,
662 877 876 923 Hannibali,
895 891 1002 927 aequo
1022 884 1058 914 et
1076 884 1182 916 terra.
1234 879 1351 917 Idem.

197 929 295 966 Nam
316 930 432 967 Sullae
452 930 738 967 dominationem
758 931 929 967 audebat.

198 982 332 1032 Neque
352 989 407 1020 est
427 985 592 1020 defessus
612 984 902 1021 dominationum
921 984 1047 1020 Sullae.
1102 985 1219 1024 Idem.

196 1036 283 1073 Neu
303 1038 386 1085 quis
405 1037 525 1076 miles,
545 1050 637 1074 neve
656 1051 726 1086 pro
744 1038 870 1074 milite.
925 1037 1091 1074 Servius.

198 1089 256 1125 Ex
275 1090 472 1127 insolentia
490 1090 620 1126 avidus
641 1090 908 1128 malefaciendi.
964 1090 1080 1128 Idem.

197 1142 329 1192 Tergis
358 1144 581 1180 vinciebant.
635 1142 754 1180 Idem.

199 1196 436 1247 Charybdis;
483 1210 580 1246 quae,
602 1196 697 1233 forte
732 1196 833 1234 illata
867 1197 1056 1247 naufragia
1093 1199 1262 1244 sorbens,
1294 1214 1380 1250 gur-

146 1250 284 1299 git-ibus
304 1250 457 1286 occultis
478 1250 590 1286 millia
627 1251 820 1300 sexaginta
846 1250 1157 1287 Tauromenitana
1193 1253 1240 1288 ad
1274 1252 1380 1290 litora

146 1303 266 1338 trahit.
321 1302 435 1340 laem.

198 1356 408 1406 Saguntini,
439 1357 511 1393 fide
543 1362 653 1406 atque
689 1357 861 1393 aerumnis
893 1356 1035 1406 inclyti,
1072 1371 1136 1406 per
1171 1358 1379 1395 mortalium

148 1410 311 1446 studium
350 1411 505 1460 maiores
539 1411 651 1460 quam
673 1411 833 1459 opibus;
879 1411 1015 1459 quippe
1050 1409 1133 1460 quis
1157 1412 1265 1448 etiam
1301 1418 1380 1448 tum

147 1463 321 1500 semiruta
354 1464 497 1507 moenia,
528 1464 659 1501 domus
696 1464 858 1506 intectae,
891 1464 1122 1513 parietesque
1159 1464 1380 1514 templorum

148 1517 323 1562 ambusti,
344 1531 471 1553 manus
507 1516 668 1554 Punicas
687 1518 933 1553 ostentabant.
999 1516 1155 1555 Hieron.
1179 1519 1217 1553 in
1236 1518 1382 1555 Habac-

150 1583 228 1606 cuc.
249 1584 278 1607 c.
298 1570 335 1607 ii.

202 1624 316 1673 Apud
336 1622 579 1661 Corduennos
600 1636 786 1660 amomum
808 1628 844 1660 et
863 1623 924 1659 alii
953 1623 1054 1660 leves
1074 1624 1207 1661 odores
1227 1623 1382 1674 gignun-

150 1683 220 1713 tur.
276 1675 460 1727 Plzilarg.
486 1678 583 1714 miv.
606 1676 784 1728 Georgia
810 1676 980 1727 Virgilii.

205 1730 326 1773 Quem
358 1737 457 1767 trans
477 1737 646 1781 stagnum
667 1730 783 1767 omnis
815 1743 931 1781 usque
950 1731 998 1767 ad
1017 1731 1166 1767 flumen.
1220 1729 1338 1767 Idem.

201 1782 374 1832 Repente
392 1785 560 1822 incautos
579 1796 687 1834 agros
702 1784 845 1821 invasit.
899 1783 1013 1820 Idem.

205 1836 301 1873 Belli
321 1836 409 1875 sane
425 1839 558 1874 sciens.
611 1836 750 1874 Acron.

204 1889 377 1940 Namque
411 1892 574 1928 omnium
609 1891 840 1927 ferocissumi
876 1891 923 1927 ad
958 1890 1028 1926 hoc
1064 1896 1212 1939 tempus
1249 1889 1381 1927 Achaei

151 1947 261 1991 atque
281 1944 394 1981 Tauri
431 1950 530 1990 sunt,
549 1943 665 1994 quod,
686 1944 865 1993 quantum
897 1943 1067 1994 conjicio,
1082 1943 1246 1981 locorum
1276 1956 1381 1991 eges-

152 2002 225 2031 tate
245 2004 350 2047 rapto
369 1998 492 2035 vivere
513 1999 642 2034 coacti.
697 1996 836 2034 Glossct
854 1997 1057 2034 Juvenalis.

205 2050 335 2100 Atque
355 2051 435 2099 ipse
456 2051 577 2088 cultus
598 2051 662 2088 rei.
717 2049 858 2088 Acron.

204 2101 355 2153 Triplici
374 2104 498 2141 fluctu.
554 2105 660 2141 Serv.
678 2103 885 2141 cmlclcmus.

210 2157 400 2208 Charybdi
419 2171 516 2194 mare
535 2159 771 2195 vorticosum.
827 2157 947 2194 Idem.

203 2210 280 2248 Sed
299 2213 541 2261 ubitempore
578 2211 664 2248 anni
700 2223 799 2247 mare
837 2210 1019 2249 classibus
1055 2206 1280 2259 patefactum
1311 2213 1380 2245 est.

150 2264 266 2302 Idem.
