1492 2531
151 83 204 121 70
635 81 911 121 SALLUSTII

150 185 387 236 Jugurtham,
407 185 646 235 magnificum
667 199 714 222 ex
732 185 821 222 Auli
850 184 1034 232 socordia,
1064 200 1168 236 spem
1193 187 1321 225 salutis
1351 188 1389 225 in

150 239 351 276 solitudine
387 245 451 275 aut
496 238 586 288 fuga,
628 238 812 287 coiigisset
842 240 989 276 habere.
1060 239 1192 290 Itaque
1225 246 1390 288 senatus,

151 293 199 329 ob
217 306 262 329 ea
279 291 435 329 feliciter
454 298 549 335 acta,
577 292 646 329 diis
674 292 944 329 immortalibus
965 293 1150 342 supplicia
1169 295 1385 332 decernere:

150 345 281 383 civitas
310 345 453 394 trepida
485 344 606 391 antea,
638 350 675 382 et
707 345 864 383 sollicita
893 347 939 382 de
983 346 1073 383 belli
1117 353 1265 394 eventu,
1300 347 1389 386 laeta

149 411 280 449 agere:
314 399 359 436 de
391 397 550 435 Metello
578 399 677 435 fama
693 399 875 448 praeclara
899 413 992 436 esse.
1049 399 1170 450 Igitur
1197 399 1240 438 εό
1270 401 1390 438 inten-

148 453 221 489 tior
253 452 300 488 ad
329 452 521 489 victoriam
551 452 639 498 niti3
668 452 839 488 omnibus
874 452 994 489 modis
1029 452 1223 491 festinare:
1255 467 1387 492 cavere

148 511 272 542 tamen
304 505 441 542 necubi
475 504 573 542 hosti
606 511 839 554 opportunus
871 506 996 552 fieret3
1039 507 1264 553 meminisse,
1301 514 1387 557 post

148 559 301 608 gloriam
346 558 523 595 invidiam
556 559 672 608 sequi.
743 558 815 604 Ita,
862 557 938 608 quo
984 558 1129 603 clarior,
1176 558 1222 596 eo
1266 560 1385 611 magis

147 612 280 648 anxius
311 617 409 649 erat:
452 625 586 661 neque,
621 617 707 661 post
741 612 894 649 insidias
927 612 1136 662 jugurthae,
1173 613 1289 651 effuso
1325 627 1388 651 ex--

148 666 266 702 ercitu
301 665 482 714 praedari:
516 666 578 702 ubi
602 666 799 710 frumento,
833 672 896 702 aut
925 665 1063 715 pabulo
1083 680 1177 715 opus
1204 672 1295 713 erat,
1323 681 1385 703 co-

146 718 272 756 hortes
292 733 377 755 cum
397 719 495 756 omni
526 719 692 769 equitatu
715 720 931 767 praesidium
963 720 1174 768 agitabant3
1201 721 1386 758 exercitus

146 778 291 820 partem
311 775 405 820 ipse,
430 772 593 822 reliquos
626 772 784 817 Marius,
815 773 986 810 ducebat.
1040 772 1114 810 Sed
1143 772 1222 823 igni
1251 772 1385 824 magis,

147 825 259 873 quam
278 826 420 874 praeda,
449 839 539 875 ager
558 827 786 863 vastabatur.
842 827 1000 863 Duobus
1028 825 1120 863 locis
1147 826 1247 863 haud
1272 827 1384 878 longe

145 878 242 916 inter
277 893 315 915 se
353 885 474 915 castra
508 879 704 916 faciebant.
762 879 822 916 Ub
856 880 891 915 vi
922 893 1015 928 opus
1052 885 1143 924 erat,
1172 881 1293 917 cuncti
1322 882 1385 918 ad-

147 938 275 969 eraut:
306 933 496 977 caeterum,
533 931 609 982 quo
641 932 733 982 fuga
764 938 874 981 atque
908 933 1063 969 formido
1100 932 1210 969 latius
1242 947 1385 972 cresce-

145 991 240 1029 rent,
277 986 416 1022 divorsi
450 987 623 1035 agebant.
678 986 735 1023 Eo
764 991 931 1035 tempore
964 985 1148 1035 Jugurtha
1179 1000 1247 1035 per
1277 987 1382 1024 collis

145 1039 273 1088 sequi;
301 1044 447 1088 tempus
477 1045 542 1076 aut
559 1039 684 1076 locum
713 1052 851 1088 pugnae
875 1052 1063 1088 quaerere:
1095 1038 1168 1089 qua
1188 1046 1382 1078 venturum

144 1091 287 1128 hostem
306 1093 487 1138 audierat,
514 1092 693 1141 pabulum
713 1098 750 1129 et
772 1106 953 1141 aquarum
980 1091 1107 1136 fontis,
1134 1105 1288 1142 quorum
1322 1108 1384 1143 pe-

144 1146 253 1182 nuria
277 1152 368 1191 erat,
395 1159 660 1195 corrumpere:
689 1144 798 1182 modo
818 1160 857 1183 se
886 1144 1059 1189 Metello,
1088 1146 1273 1182 interdum
1301 1146 1384 1185 Ma-

144 1199 212 1244 rio,
232 1200 427 1236 ostendere
444 1215 451 1235 ;
481 1204 690 1248 postremos
719 1199 756 1235 in
783 1200 929 1248 agmine
949 1204 1105 1242 tentare,
1136 1212 1179 1235 ac
1199 1198 1325 1236 statim
1343 1201 1381 1238 in

145 1251 254 1289 collis
282 1253 449 1302 regredi:
492 1265 618 1288 rursus
658 1251 753 1296 aliis,
790 1251 877 1302 post
914 1252 1008 1297 aliis,
1036 1252 1217 1289 minitari:
1259 1266 1380 1303 neque

144 1305 316 1354 proelium
352 1307 486 1348 facere,
519 1319 640 1355 neque
674 1306 789 1342 otium
820 1306 916 1355 pati3
946 1303 1202 1342 tantummodo
1239 1305 1381 1344 hostem

144 1360 191 1395 ab
225 1359 375 1409 incepto
407 1359 576 1396 retinere.
643 1359 836 1395 Romanus
869 1359 1082 1407 imperator,
1117 1359 1183 1395 ubi
1215 1373 1254 1396 se
1285 1359 1380 1397 dolis

144 1412 290 1462 fatigari
332 1413 454 1459 videt3
493 1425 616 1460 neque
654 1413 700 1448 ab
743 1412 850 1449 hoste
886 1412 1028 1460 copiam
1062 1412 1255 1461 pugnandi
1278 1413 1380 1460 fieri3

145 1467 277 1502 urbem
296 1480 484 1515 magnam,
503 1470 540 1502 et
558 1465 595 1501 in
622 1466 666 1501 ea
684 1471 803 1515 parte,
823 1464 898 1515 qua
917 1465 986 1502 sita
1006 1471 1096 1511 erat,
1124 1479 1245 1502 arcem
1265 1467 1381 1515 regni,

135 1520 282 1556 nomine
313 1519 479 1565 Zamam,
512 1519 640 1555 statuit
670 1532 910 1568 oppugnare3
940 1524 1056 1562 ratus,
1082 1519 1120 1554 id
1139 1519 1241 1568 quod
1270 1533 1381 1569 nego-

134 1573 227 1609 tium
257 1573 452 1623 poscebat,
472 1572 693 1622 Jugurtham
714 1572 984 1616 laborantibus,
1018 1571 1095 1608 suis
1127 1572 1264 1609 auxilio
1297 1586 1380 1610 ven-

136 1632 275 1668 turum,
312 1627 439 1676 ibique
476 1625 644 1674 proelium
677 1626 770 1663 fore.
825 1626 879 1662 At
911 1625 985 1669 ille,
1020 1639 1104 1674 quae
1139 1627 1378 1674 parabantur,

136 1679 159 1716 ἐι
175 1680 341 1730 perfugis
362 1681 530 1724 edoctus,
549 1679 693 1729 magnis
723 1679 916 1716 itineribus
947 1678 1141 1716 Metellum
1166 1679 1375 1716 antevenit:

137 1734 346 1782 oppidanos
392 1733 573 1780 hortatur,
619 1732 753 1768 moenia
802 1732 1017 1775 defendant,
1068 1732 1202 1768 additis
1240 1732 1377 1770 auxilio

135 1788 326 1837 perfugis:
357 1787 459 1836 quod
483 1800 599 1835 genus
632 1800 679 1823 ex
699 1786 816 1835 copiis
846 1786 958 1835 regis,
988 1786 1075 1835 quia
1096 1785 1225 1822 fallere
1251 1786 1378 1834 nequi-

135 1841 238 1885 bant,
267 1840 532 1877 firmissumum
550 1845 650 1876 erat:
681 1837 865 1888 praeterea
897 1839 1107 1888 pollicetur,
1138 1839 1176 1874 in
1211 1845 1376 1887 tempore

137 1901 254 1930 semet
274 1907 357 1930 cum
378 1893 541 1930 exercitu
570 1892 694 1929 affore.
750 1892 810 1929 Ita
829 1892 1042 1941 compositis
1071 1893 1197 1937 rebus,
1227 1891 1265 1927 in
1292 1892 1376 1929 loca

136 1946 249 1997 quam
280 1946 453 1983 maxume
472 1945 617 1983 occulta
637 1946 816 1991 discedit3
847 1959 889 1982 ac
919 1944 1032 1995 paulo
1059 1944 1144 1995 post
1171 1947 1376 1993 cognoscit,

136 2001 297 2038 Marium
319 2015 366 2037 ex
384 2000 512 2037 itinere
532 2000 795 2036 frumentatum
812 2013 895 2035 cum
915 1999 1045 2047 paucis
1062 1998 1275 2035 cohortibus
1296 1997 1376 2035 Sic-

137 2068 217 2093 cam
237 2054 411 2090 missum:
445 2053 547 2103 quod
574 2052 749 2101 oppidum
768 2053 927 2101 primum
947 2052 1110 2088 omnium
1134 2056 1220 2100 post
1239 2051 1373 2088 malam

136 2121 299 2159 pugnam
333 2107 379 2143 ab
408 2120 497 2155 rege
531 2106 726 2142 defecerat.
794 2104 852 2142 Εὸ
886 2119 970 2142 cum
1000 2104 1150 2141 delectis
1186 2104 1373 2154 equitibus

136 2167 250 2200 noctu
288 2159 425 2210 pergit,
458 2165 507 2204 et,
535 2158 616 2207 jam
652 2158 930 2208 egredientibus
976 2157 1168 2202 Romanis,
1196 2157 1234 2194 in
1266 2157 1374 2206 porta

136 2227 301 2266 pugnam
320 2213 428 2251 sacit:
459 2212 567 2248 simui
598 2210 734 2261 magna
763 2226 856 2249 voce
889 2212 1082 2248 Siccenses
1115 2211 1293 2254 hortatur,
1316 2211 1372 2248 uti

137 2270 310 2307 cohortos
337 2267 384 2304 ab
415 2271 520 2315 tergo
554 2265 863 2302 circumveniant:
891 2265 1073 2301 fortunam
1103 2263 1175 2300 illis
1205 2264 1374 2313 praeclari

136 2321 309 2362 facinoris
335 2333 462 2357 casum
481 2319 592 2367 dare,
624 2319 655 2356 si
683 2318 722 2355 id
747 2318 913 2365 fecerint,
928 2317 1060 2367 postea
1079 2331 1161 2355 sese
1185 2317 1223 2354 in
1242 2331 1372 2368 regno,
