<?xml version="1.0" encoding="UTF-8"?>
<!DOCTYPE html PUBLIC "-//W3C//DTD XHTML 1.0 Transitional//EN"
    "http://www.w3.org/TR/xhtml1/DTD/xhtml1-transitional.dtd">
<html xmlns="http://www.w3.org/1999/xhtml" xml:lang="en" lang="en">
 <head>
  <title>
</title>
<meta http-equiv="Content-Type" content="text/html;charset=utf-8" />
  <meta name='ocr-system' content='tesseract 3.04.00' />
  <meta name='ocr-capabilities' content='ocr_page ocr_carea ocr_par ocr_line ocrx_word'/>
</head>
<body>
  <div class='ocr_page' id='page_1' title='image "./quaeextant00salluoft_0155.png"; bbox 0 0 1492 2531; ppageno 0'>
   <div class='ocr_carea' id='block_1_1' title="bbox 351 66 1343 115">
    <p class='ocr_par' dir='ltr' id='par_1_1' title="bbox 351 66 1343 115">
     <span class='ocr_line' id='line_1_1' title="bbox 351 66 1343 115; baseline -0.013 1"><span class='ocrx_word' id='word_1_1' title='bbox 351 74 725 115; x_wconf 80' lang='lat' dir='ltr'><strong>HISTORIARUM</strong></span> <span class='ocrx_word' id='word_1_2' title='bbox 759 71 1105 112; x_wconf 81' lang='lat' dir='ltr'><strong>FRAGMENTA.</strong></span> <span class='ocrx_word' id='word_1_3' title='bbox 1269 66 1343 104; x_wconf 84' lang='lat'>133</span> 
     </span>
    </p>
   </div>
   <div class='ocr_carea' id='block_1_2' title="bbox 168 173 1299 437">
    <p class='ocr_par' dir='ltr' id='par_1_2' title="bbox 168 173 1299 391">
     <span class='ocr_line' id='line_1_2' title="bbox 171 173 1299 233; baseline -0.01 -13"><span class='ocrx_word' id='word_1_4' title='bbox 171 183 309 221; x_wconf 81' lang='lat' dir='ltr'><strong>Hostes</strong></span> <span class='ocrx_word' id='word_1_5' title='bbox 329 181 509 233; x_wconf 87' lang='lat' dir='ltr'>oppressi,</span> <span class='ocrx_word' id='word_1_6' title='bbox 528 185 590 217; x_wconf 87' lang='lat' dir='ltr'>aut</span> <span class='ocrx_word' id='word_1_7' title='bbox 608 179 749 228; x_wconf 86' lang='lat' dir='ltr'>delapsi</span> <span class='ocrx_word' id='word_1_8' title='bbox 766 179 897 215; x_wconf 84' lang='lat' dir='ltr'>forent.</span> <span class='ocrx_word' id='word_1_9' title='bbox 954 175 1136 218; x_wconf 66' lang='lat' dir='ltr'>Isidorus,</span> <span class='ocrx_word' id='word_1_10' title='bbox 1156 173 1179 211; x_wconf 86' lang='lat' dir='ltr'>l.</span> <span class='ocrx_word' id='word_1_11' title='bbox 1200 173 1299 210; x_wconf 84' lang='lat' dir='ltr'>xviii.</span> 
     </span>
     <span class='ocr_line' id='line_1_3' title="bbox 169 227 1292 284; baseline -0.01 -11"><span class='ocrx_word' id='word_1_12' title='bbox 169 237 380 273; x_wconf 84' lang='lat' dir='ltr'>Exercitum</span> <span class='ocrx_word' id='word_1_13' title='bbox 401 239 553 284; x_wconf 85' lang='lat' dir='ltr'>argento</span> <span class='ocrx_word' id='word_1_14' title='bbox 572 233 670 270; x_wconf 82' lang='lat' dir='ltr'>fecit.</span> <span class='ocrx_word' id='word_1_15' title='bbox 723 232 878 275; x_wconf 79' lang='lat' dir='ltr'><em>Seneca,</em></span> <span class='ocrx_word' id='word_1_16' title='bbox 899 229 960 266; x_wconf 79' lang='lat' dir='ltr'>lib.</span> <span class='ocrx_word' id='word_1_17' title='bbox 979 229 1066 266; x_wconf 83' lang='lat' dir='ltr'>xxii.</span> <span class='ocrx_word' id='word_1_18' title='bbox 1087 227 1195 278; x_wconf 74' lang='lat' dir='ltr'>epist.</span> <span class='ocrx_word' id='word_1_19' title='bbox 1211 240 1292 263; x_wconf 79' lang='lat' dir='ltr'>cxv,</span> 
     </span>
     <span class='ocr_line' id='line_1_4' title="bbox 168 281 1296 339; baseline -0.007 -14"><span class='ocrx_word' id='word_1_20' title='bbox 168 289 308 339; x_wconf 85' lang='lat' dir='ltr'>Togam</span> <span class='ocrx_word' id='word_1_21' title='bbox 329 288 591 338; x_wconf 83' lang='lat' dir='ltr'>paludamento</span> <span class='ocrx_word' id='word_1_22' title='bbox 611 286 776 323; x_wconf 80' lang='lat' dir='ltr'>mutavit.</span> <span class='ocrx_word' id='word_1_23' title='bbox 828 284 1006 328; x_wconf 72' lang='lat' dir='ltr'>Isidorus,</span> <span class='ocrx_word' id='word_1_24' title='bbox 1023 282 1044 318; x_wconf 85' lang='lat' dir='ltr'>l.</span> <span class='ocrx_word' id='word_1_25' title='bbox 1064 282 1137 318; x_wconf 81' lang='lat' dir='ltr'>xix.</span> <span class='ocrx_word' id='word_1_26' title='bbox 1190 281 1296 317; x_wconf 82' lang='lat' dir='ltr'>Serv.</span> 
     </span>
     <span class='ocr_line' id='line_1_5' title="bbox 171 335 1179 391; baseline -0.009 -12"><span class='ocrx_word' id='word_1_27' title='bbox 171 342 283 379; x_wconf 90' lang='lat' dir='ltr'>Hiero</span> <span class='ocrx_word' id='word_1_28' title='bbox 301 355 365 378; x_wconf 89' lang='lat' dir='ltr'>rex</span> <span class='ocrx_word' id='word_1_29' title='bbox 381 343 698 391; x_wconf 83' lang='lat' dir='ltr'>Syracusanorum</span> <span class='ocrx_word' id='word_1_30' title='bbox 716 337 858 375; x_wconf 86' lang='lat' dir='ltr'>bellum</span> <span class='ocrx_word' id='word_1_31' title='bbox 876 338 974 375; x_wconf 87' lang='lat' dir='ltr'>fecit.</span> <span class='ocrx_word' id='word_1_32' title='bbox 1028 335 1179 372; x_wconf 81' lang='lat' dir='ltr'>Seneca.</span> 
     </span>
    </p>

    <p class='ocr_par' dir='ltr' id='par_1_3' title="bbox 169 387 1242 437">
     <span class='ocr_line' id='line_1_6' title="bbox 169 387 1242 437; baseline -0.008 -5"><span class='ocrx_word' id='word_1_33' title='bbox 169 395 227 432; x_wconf 87' lang='lat' dir='ltr'>Ibi</span> <span class='ocrx_word' id='word_1_34' title='bbox 244 395 399 432; x_wconf 84' lang='lat' dir='ltr'>triennio</span> <span class='ocrx_word' id='word_1_35' title='bbox 419 392 555 431; x_wconf 58' lang='lat' dir='ltr'>frustra</span> <span class='ocrx_word' id='word_1_36' title='bbox 573 393 671 430; x_wconf 88' lang='lat' dir='ltr'>trito.</span> <span class='ocrx_word' id='word_1_37' title='bbox 726 391 895 437; x_wconf 74' lang='lat' dir='ltr'>Servius,</span> <span class='ocrx_word' id='word_1_38' title='bbox 916 390 968 427; x_wconf 81' lang='lat' dir='ltr'>ad</span> <span class='ocrx_word' id='word_1_39' title='bbox 981 390 1028 426; x_wconf 91' lang='lat' dir='ltr'>iv.</span> <span class='ocrx_word' id='word_1_40' title='bbox 1043 387 1242 426; x_wconf 76' lang='lat' dir='ltr'>AEne&#39;iclos.</span> 
     </span>
    </p>
   </div>
   <div class='ocr_carea' id='block_1_3' title="bbox 221 486 1248 546">
    <p class='ocr_par' dir='ltr' id='par_1_4' title="bbox 221 486 1248 546">
     <span class='ocr_line' id='line_1_7' title="bbox 221 486 1248 546; baseline -0.007 -8"><span class='ocrx_word' id='word_1_41' title='bbox 221 491 388 538; x_wconf 75' lang='lat' dir='ltr'>Oratio</span> <span class='ocrx_word' id='word_1_42' title='bbox 419 490 470 538; x_wconf 85' lang='lat' dir='ltr'>C.</span> <span class='ocrx_word' id='word_1_43' title='bbox 502 489 646 537; x_wconf 79' lang='lat' dir='ltr'>Couoe</span> <span class='ocrx_word' id='word_1_44' title='bbox 675 488 886 536; x_wconf 76' lang='lat' dir='ltr'><em>Consulis</em></span> <span class='ocrx_word' id='word_1_45' title='bbox 905 489 973 534; x_wconf 75' lang='lat' dir='ltr'>acl</span> <span class='ocrx_word' id='word_1_46' title='bbox 989 486 1248 546; x_wconf 80' lang='lat' dir='ltr'><em>Populum.</em></span> 
     </span>
    </p>
   </div>
   <div class='ocr_carea' id='block_1_4' title="bbox 117 584 1363 2288">
    <p class='ocr_par' dir='ltr' id='par_1_5' title="bbox 117 584 1363 2288">
     <span class='ocr_line' id='line_1_8' title="bbox 171 584 1350 637; baseline -0.005 -11"><span class='ocrx_word' id='word_1_47' title='bbox 171 589 350 634; x_wconf 80' lang='lat' dir='ltr'>Quirites,</span> <span class='ocrx_word' id='word_1_48' title='bbox 382 588 497 625; x_wconf 83' lang='lat' dir='ltr'>multa</span> <span class='ocrx_word' id='word_1_49' title='bbox 515 588 602 624; x_wconf 89' lang='lat' dir='ltr'>mihi</span> <span class='ocrx_word' id='word_1_50' title='bbox 621 587 784 637; x_wconf 83' lang='lat' dir='ltr'>pericula</span> <span class='ocrx_word' id='word_1_51' title='bbox 814 585 930 631; x_wconf 84' lang='lat' dir='ltr'>domi,</span> <span class='ocrx_word' id='word_1_52' title='bbox 965 585 1100 622; x_wconf 70' lang='lat' dir='ltr'>militiae</span> <span class='ocrx_word' id='word_1_53' title='bbox 1136 584 1251 621; x_wconf 84' lang='lat' dir='ltr'>multa</span> <span class='ocrx_word' id='word_1_54' title='bbox 1286 585 1350 621; x_wconf 86' lang='lat' dir='ltr'>ad-</span> 
     </span>
     <span class='ocr_line' id='line_1_9' title="bbox 119 637 1350 691; baseline -0.004 -12"><span class='ocrx_word' id='word_1_55' title='bbox 119 655 239 688; x_wconf 83' lang='lat' dir='ltr'>vorsa,</span> <span class='ocrx_word' id='word_1_56' title='bbox 257 642 386 689; x_wconf 65' lang='lat' dir='ltr'>fuere3</span> <span class='ocrx_word' id='word_1_57' title='bbox 415 655 571 691; x_wconf 88' lang='lat' dir='ltr'>quorum</span> <span class='ocrx_word' id='word_1_58' title='bbox 589 641 661 677; x_wconf 82' lang='lat' dir='ltr'>alia</span> <span class='ocrx_word' id='word_1_59' title='bbox 688 641 855 685; x_wconf 80' lang='lat' dir='ltr'><strong>toleravi,</strong></span> <span class='ocrx_word' id='word_1_60' title='bbox 886 637 1018 689; x_wconf 78' lang='lat' dir='ltr'>partim</span> <span class='ocrx_word' id='word_1_61' title='bbox 1046 638 1165 688; x_wconf 91' lang='lat' dir='ltr'>repuli</span> <span class='ocrx_word' id='word_1_62' title='bbox 1198 638 1350 675; x_wconf 88' lang='lat' dir='ltr'>deorum</span> 
     </span>
     <span class='ocr_line' id='line_1_10' title="bbox 118 692 1349 743; baseline -0.005 -10"><span class='ocrx_word' id='word_1_63' title='bbox 118 696 263 733; x_wconf 85' lang='lat' dir='ltr'><strong>auxiliis</strong></span> <span class='ocrx_word' id='word_1_64' title='bbox 298 701 334 732; x_wconf 90' lang='lat' dir='ltr'>et</span> <span class='ocrx_word' id='word_1_65' title='bbox 365 696 496 732; x_wconf 87' lang='lat' dir='ltr'>virtute</span> <span class='ocrx_word' id='word_1_66' title='bbox 526 695 629 731; x_wconf 53' lang='lat' dir='ltr'>mezi:</span> <span class='ocrx_word' id='word_1_67' title='bbox 660 695 697 730; x_wconf 92' lang='lat' dir='ltr'>in</span> <span class='ocrx_word' id='word_1_68' title='bbox 729 693 813 743; x_wconf 85' lang='lat' dir='ltr'>quis</span> <span class='ocrx_word' id='word_1_69' title='bbox 846 694 1016 730; x_wconf 85' lang='lat' dir='ltr'>omnibns</span> <span class='ocrx_word' id='word_1_70' title='bbox 1046 705 1168 741; x_wconf 86' lang='lat' dir='ltr'>neque</span> <span class='ocrx_word' id='word_1_71' title='bbox 1205 692 1349 728; x_wconf 84' lang='lat' dir='ltr'>animus</span> 
     </span>
     <span class='ocr_line' id='line_1_11' title="bbox 118 745 1350 799; baseline -0.004 -13"><span class='ocrx_word' id='word_1_72' title='bbox 118 749 267 799; x_wconf 82' lang='lat' dir='ltr'>negotio</span> <span class='ocrx_word' id='word_1_73' title='bbox 287 749 427 793; x_wconf 85' lang='lat' dir='ltr'>defuit;</span> <span class='ocrx_word' id='word_1_74' title='bbox 456 761 575 798; x_wconf 91' lang='lat' dir='ltr'>neque</span> <span class='ocrx_word' id='word_1_75' title='bbox 595 748 751 784; x_wconf 83' lang='lat' dir='ltr'>decretis</span> <span class='ocrx_word' id='word_1_76' title='bbox 770 747 890 784; x_wconf 87' lang='lat' dir='ltr'>labos.</span> <span class='ocrx_word' id='word_1_77' title='bbox 954 746 1068 783; x_wconf 77' lang='lat' dir='ltr'>Malae</span> <span class='ocrx_word' id='word_1_78' title='bbox 1102 745 1350 794; x_wconf 80' lang='lat' dir='ltr'>secundaeque</span> 
     </span>
     <span class='ocr_line' id='line_1_12' title="bbox 117 797 1352 852; baseline -0.004 -13"><span class='ocrx_word' id='word_1_79' title='bbox 117 816 191 846; x_wconf 79' lang='lat' dir='ltr'>reS,</span> <span class='ocrx_word' id='word_1_80' title='bbox 224 816 328 852; x_wconf 82' lang='lat' dir='ltr'>opeS,</span> <span class='ocrx_word' id='word_1_81' title='bbox 346 815 420 838; x_wconf 88' lang='lat' dir='ltr'>non</span> <span class='ocrx_word' id='word_1_82' title='bbox 448 801 651 852; x_wconf 72' lang='lat' dir='ltr'>ingenium,</span> <span class='ocrx_word' id='word_1_83' title='bbox 676 800 764 837; x_wconf 90' lang='lat' dir='ltr'>mihi</span> <span class='ocrx_word' id='word_1_84' title='bbox 798 801 1001 837; x_wconf 75' lang='lat' dir='ltr'><strong>mutabant.</strong></span> <span class='ocrx_word' id='word_1_85' title='bbox 1072 798 1125 836; x_wconf 90' lang='lat' dir='ltr'>At</span> <span class='ocrx_word' id='word_1_86' title='bbox 1158 797 1285 834; x_wconf 56' lang='lat' dir='ltr'>contra</span> <span class='ocrx_word' id='word_1_87' title='bbox 1313 799 1352 834; x_wconf 84' lang='lat' dir='ltr'>in</span> 
     </span>
     <span class='ocr_line' id='line_1_13' title="bbox 117 851 1353 892; baseline -0.004 0"><span class='ocrx_word' id='word_1_88' title='bbox 117 856 173 892; x_wconf 91' lang='lat' dir='ltr'>his</span> <span class='ocrx_word' id='word_1_89' title='bbox 193 856 348 892; x_wconf 88' lang='lat' dir='ltr'>miseriis</span> <span class='ocrx_word' id='word_1_90' title='bbox 368 860 503 891; x_wconf 86' lang='lat' dir='ltr'>cuncta</span> <span class='ocrx_word' id='word_1_91' title='bbox 520 868 576 891; x_wconf 89' lang='lat' dir='ltr'>me</span> <span class='ocrx_word' id='word_1_92' title='bbox 597 868 680 891; x_wconf 91' lang='lat' dir='ltr'>cum</span> <span class='ocrx_word' id='word_1_93' title='bbox 716 853 863 890; x_wconf 66' lang='lat' dir='ltr'>fortuna</span> <span class='ocrx_word' id='word_1_94' title='bbox 892 851 1099 890; x_wconf 67' lang='lat' dir='ltr'>deseruere.</span> <span class='ocrx_word' id='word_1_95' title='bbox 1163 852 1353 889; x_wconf 63' lang='lat' dir='ltr'>Praeterea</span> 
     </span>
     <span class='ocr_line' id='line_1_14' title="bbox 119 905 1353 958; baseline -0.002 -14"><span class='ocrx_word' id='word_1_96' title='bbox 119 913 303 954; x_wconf 81' lang='lat' dir='ltr'>senectus,</span> <span class='ocrx_word' id='word_1_97' title='bbox 342 922 409 958; x_wconf 90' lang='lat' dir='ltr'>per</span> <span class='ocrx_word' id='word_1_98' title='bbox 446 922 484 944; x_wconf 91' lang='lat' dir='ltr'>se</span> <span class='ocrx_word' id='word_1_99' title='bbox 521 907 657 958; x_wconf 76' lang='lat' dir='ltr'>graviS,</span> <span class='ocrx_word' id='word_1_100' title='bbox 693 921 819 944; x_wconf 88' lang='lat' dir='ltr'>curam</span> <span class='ocrx_word' id='word_1_101' title='bbox 861 906 1051 956; x_wconf 79' lang='lat' dir='ltr'>duplicat:</span> <span class='ocrx_word' id='word_1_102' title='bbox 1101 905 1160 942; x_wconf 89' lang='lat' dir='ltr'>cui</span> <span class='ocrx_word' id='word_1_103' title='bbox 1203 905 1353 950; x_wconf 82' lang='lat' dir='ltr'>misero,</span> 
     </span>
     <span class='ocr_line' id='line_1_15' title="bbox 118 960 1353 1012; baseline -0.004 -13"><span class='ocrx_word' id='word_1_104' title='bbox 118 961 271 999; x_wconf 60' lang='lat' dir='ltr'>senecta</span> <span class='ocrx_word' id='word_1_105' title='bbox 292 963 370 1012; x_wconf 82' lang='lat' dir='ltr'>jam</span> <span class='ocrx_word' id='word_1_106' title='bbox 407 967 528 1006; x_wconf 78' lang='lat' dir='ltr'>aetate,</span> <span class='ocrx_word' id='word_1_107' title='bbox 559 975 604 998; x_wconf 91' lang='lat' dir='ltr'>ne</span> <span class='ocrx_word' id='word_1_108' title='bbox 638 966 790 997; x_wconf 86' lang='lat' dir='ltr'>mortem</span> <span class='ocrx_word' id='word_1_109' title='bbox 817 960 967 1010; x_wconf 87' lang='lat' dir='ltr'>quidem</span> <span class='ocrx_word' id='word_1_110' title='bbox 981 960 1173 996; x_wconf 85' lang='lat' dir='ltr'>honestam</span> <span class='ocrx_word' id='word_1_111' title='bbox 1204 972 1353 1008; x_wconf 82' lang='lat' dir='ltr'>sperare</span> 
     </span>
     <span class='ocr_line' id='line_1_16' title="bbox 117 1011 1354 1064; baseline -0.003 -12"><span class='ocrx_word' id='word_1_112' title='bbox 117 1015 214 1052; x_wconf 90' lang='lat' dir='ltr'>licet.</span> <span class='ocrx_word' id='word_1_113' title='bbox 267 1015 379 1058; x_wconf 85' lang='lat' dir='ltr'>Nam,</span> <span class='ocrx_word' id='word_1_114' title='bbox 399 1015 430 1052; x_wconf 87' lang='lat' dir='ltr'>si</span> <span class='ocrx_word' id='word_1_115' title='bbox 458 1014 641 1064; x_wconf 80' lang='lat' dir='ltr'>parricida</span> <span class='ocrx_word' id='word_1_116' title='bbox 672 1012 786 1050; x_wconf 76' lang='lat' dir='ltr'>vestri</span> <span class='ocrx_word' id='word_1_117' title='bbox 815 1027 910 1057; x_wconf 88' lang='lat' dir='ltr'>sum,</span> <span class='ocrx_word' id='word_1_118' title='bbox 939 1019 989 1060; x_wconf 83' lang='lat' dir='ltr'>et,</span> <span class='ocrx_word' id='word_1_119' title='bbox 1016 1013 1074 1050; x_wconf 86' lang='lat' dir='ltr'>bis</span> <span class='ocrx_word' id='word_1_120' title='bbox 1103 1012 1248 1063; x_wconf 88' lang='lat' dir='ltr'>genitus</span> <span class='ocrx_word' id='word_1_121' title='bbox 1280 1011 1354 1057; x_wconf 71' lang='lat' dir='ltr'>hic,</span> 
     </span>
     <span class='ocr_line' id='line_1_17' title="bbox 120 1066 1354 1116; baseline -0.002 -12"><span class='ocrx_word' id='word_1_122' title='bbox 120 1068 208 1104; x_wconf 91' lang='lat' dir='ltr'>deos</span> <span class='ocrx_word' id='word_1_123' title='bbox 245 1074 397 1116; x_wconf 86' lang='lat' dir='ltr'>penates</span> <span class='ocrx_word' id='word_1_124' title='bbox 432 1082 549 1113; x_wconf 89' lang='lat' dir='ltr'>meos,</span> <span class='ocrx_word' id='word_1_125' title='bbox 581 1068 826 1116; x_wconf 80' lang='lat' dir='ltr'>patriamque,</span> <span class='ocrx_word' id='word_1_126' title='bbox 861 1073 898 1104; x_wconf 88' lang='lat' dir='ltr'>et</span> <span class='ocrx_word' id='word_1_127' title='bbox 930 1080 1114 1103; x_wconf 87' lang='lat' dir='ltr'>summum</span> <span class='ocrx_word' id='word_1_128' title='bbox 1146 1066 1354 1115; x_wconf 88' lang='lat' dir='ltr'>imperium,</span> 
     </span>
     <span class='ocr_line' id='line_1_18' title="bbox 120 1118 1354 1170; baseline -0.002 -12"><span class='ocrx_word' id='word_1_129' title='bbox 120 1121 207 1158; x_wconf 86' lang='lat' dir='ltr'>vilia</span> <span class='ocrx_word' id='word_1_130' title='bbox 223 1121 373 1167; x_wconf 80' lang='lat' dir='ltr'>habeo3</span> <span class='ocrx_word' id='word_1_131' title='bbox 414 1121 496 1170; x_wconf 89' lang='lat' dir='ltr'>quis</span> <span class='ocrx_word' id='word_1_132' title='bbox 512 1121 599 1156; x_wconf 81' lang='lat' dir='ltr'>mihi</span> <span class='ocrx_word' id='word_1_133' title='bbox 628 1123 710 1157; x_wconf 87' lang='lat' dir='ltr'>vivo</span> <span class='ocrx_word' id='word_1_134' title='bbox 739 1120 923 1156; x_wconf 84' lang='lat' dir='ltr'>cruciatus</span> <span class='ocrx_word' id='word_1_135' title='bbox 960 1118 1050 1156; x_wconf 82' lang='lat' dir='ltr'>satis</span> <span class='ocrx_word' id='word_1_136' title='bbox 1080 1125 1149 1165; x_wconf 87' lang='lat' dir='ltr'>est,</span> <span class='ocrx_word' id='word_1_137' title='bbox 1176 1124 1240 1155; x_wconf 82' lang='lat' dir='ltr'>aut</span> <span class='ocrx_word' id='word_1_138' title='bbox 1268 1132 1354 1169; x_wconf 75' lang='lat' dir='ltr'>quae</span> 
     </span>
     <span class='ocr_line' id='line_1_19' title="bbox 119 1173 1357 1224; baseline -0.002 -13"><span class='ocrx_word' id='word_1_139' title='bbox 119 1187 230 1224; x_wconf 88' lang='lat' dir='ltr'>poena</span> <span class='ocrx_word' id='word_1_140' title='bbox 259 1179 402 1211; x_wconf 88' lang='lat' dir='ltr'>mortuo</span> <span class='ocrx_word' id='word_1_141' title='bbox 432 1175 449 1211; x_wconf 84' lang='lat'><strong>?</strong></span> <span class='ocrx_word' id='word_1_142' title='bbox 491 1175 575 1210; x_wconf 78' lang='lat' dir='ltr'>cum</span> <span class='ocrx_word' id='word_1_143' title='bbox 595 1174 717 1210; x_wconf 85' lang='lat' dir='ltr'>omnia</span> <span class='ocrx_word' id='word_1_144' title='bbox 743 1180 944 1210; x_wconf 84' lang='lat' dir='ltr'>memorata</span> <span class='ocrx_word' id='word_1_145' title='bbox 972 1173 1073 1222; x_wconf 87' lang='lat' dir='ltr'>apud</span> <span class='ocrx_word' id='word_1_146' title='bbox 1099 1173 1237 1210; x_wconf 86' lang='lat' dir='ltr'>inferos</span> <span class='ocrx_word' id='word_1_147' title='bbox 1273 1186 1357 1221; x_wconf 87' lang='lat' dir='ltr'>sup-</span> 
     </span>
     <span class='ocr_line' id='line_1_20' title="bbox 122 1226 1355 1277; baseline -0.002 -13"><span class='ocrx_word' id='word_1_148' title='bbox 122 1227 235 1277; x_wconf 82' lang='lat' dir='ltr'>plicia</span> <span class='ocrx_word' id='word_1_149' title='bbox 264 1227 403 1264; x_wconf 85' lang='lat' dir='ltr'>scelere</span> <span class='ocrx_word' id='word_1_150' title='bbox 436 1241 519 1264; x_wconf 88' lang='lat' dir='ltr'>meo</span> <span class='ocrx_word' id='word_1_151' title='bbox 554 1227 636 1263; x_wconf 87' lang='lat' dir='ltr'>vici.</span> <span class='ocrx_word' id='word_1_152' title='bbox 715 1228 750 1263; x_wconf 88' lang='lat' dir='ltr'><strong>A</strong></span> <span class='ocrx_word' id='word_1_153' title='bbox 787 1227 906 1276; x_wconf 62' lang='lat' dir='ltr'>primii</span> <span class='ocrx_word' id='word_1_154' title='bbox 941 1226 1190 1263; x_wconf 65' lang='lat' dir='ltr'>adolescentia</span> <span class='ocrx_word' id='word_1_155' title='bbox 1225 1227 1262 1262; x_wconf 90' lang='lat' dir='ltr'>in</span> <span class='ocrx_word' id='word_1_156' title='bbox 1294 1239 1355 1262; x_wconf 83' lang='lat' dir='ltr'>ore</span> 
     </span>
     <span class='ocr_line' id='line_1_21' title="bbox 120 1279 1340 1330; baseline -0.002 -14"><span class='ocrx_word' id='word_1_157' title='bbox 120 1286 256 1326; x_wconf 86' lang='lat' dir='ltr'>vestro,</span> <span class='ocrx_word' id='word_1_158' title='bbox 275 1281 454 1330; x_wconf 83' lang='lat' dir='ltr'>privatus,</span> <span class='ocrx_word' id='word_1_159' title='bbox 473 1285 509 1317; x_wconf 84' lang='lat' dir='ltr'>et</span> <span class='ocrx_word' id='word_1_160' title='bbox 528 1279 565 1316; x_wconf 88' lang='lat' dir='ltr'>in</span> <span class='ocrx_word' id='word_1_161' title='bbox 584 1280 878 1330; x_wconf 83' lang='lat' dir='ltr'>magistratibus,</span> <span class='ocrx_word' id='word_1_162' title='bbox 908 1280 989 1328; x_wconf 91' lang='lat' dir='ltr'>egi:</span> <span class='ocrx_word' id='word_1_163' title='bbox 1031 1280 1095 1329; x_wconf 85' lang='lat' dir='ltr'>qui</span> <span class='ocrx_word' id='word_1_164' title='bbox 1125 1279 1340 1329; x_wconf 63' lang='lat' dir='ltr'>lingua,qui</span> 
     </span>
     <span class='ocr_line' id='line_1_22' title="bbox 121 1332 1355 1383; baseline -0.001 -13"><span class='ocrx_word' id='word_1_165' title='bbox 121 1333 274 1370; x_wconf 87' lang='lat' dir='ltr'>consilio</span> <span class='ocrx_word' id='word_1_166' title='bbox 294 1347 390 1379; x_wconf 79' lang='lat' dir='ltr'>meo,</span> <span class='ocrx_word' id='word_1_167' title='bbox 414 1334 478 1383; x_wconf 89' lang='lat' dir='ltr'>qni</span> <span class='ocrx_word' id='word_1_168' title='bbox 508 1334 666 1383; x_wconf 66' lang='lat' dir='ltr'>pecunia</span> <span class='ocrx_word' id='word_1_169' title='bbox 693 1332 857 1378; x_wconf 67' lang='lat' dir='ltr'>voluere,</span> <span class='ocrx_word' id='word_1_170' title='bbox 888 1334 941 1369; x_wconf 82' lang='lat' dir='ltr'>usi</span> <span class='ocrx_word' id='word_1_171' title='bbox 975 1341 1088 1370; x_wconf 88' lang='lat' dir='ltr'>sunt:</span> <span class='ocrx_word' id='word_1_172' title='bbox 1129 1346 1251 1382; x_wconf 92' lang='lat' dir='ltr'>neque</span> <span class='ocrx_word' id='word_1_173' title='bbox 1285 1346 1355 1382; x_wconf 83' lang='lat' dir='ltr'>ego</span> 
     </span>
     <span class='ocr_line' id='line_1_23' title="bbox 126 1386 1357 1437; baseline -0.001 -14"><span class='ocrx_word' id='word_1_174' title='bbox 126 1386 299 1424; x_wconf 83' lang='lat' dir='ltr'>callidam</span> <span class='ocrx_word' id='word_1_175' title='bbox 339 1387 562 1429; x_wconf 83' lang='lat' dir='ltr'>facundiam,</span> <span class='ocrx_word' id='word_1_176' title='bbox 591 1400 710 1436; x_wconf 88' lang='lat' dir='ltr'>neque</span> <span class='ocrx_word' id='word_1_177' title='bbox 739 1387 942 1437; x_wconf 82' lang='lat' dir='ltr'>ingenium,</span> <span class='ocrx_word' id='word_1_178' title='bbox 971 1388 1019 1423; x_wconf 83' lang='lat' dir='ltr'>ad</span> <span class='ocrx_word' id='word_1_179' title='bbox 1052 1386 1357 1423; x_wconf 83' lang='lat' dir='ltr'>malefaciendum</span> 
     </span>
     <span class='ocr_line' id='line_1_24' title="bbox 125 1440 1357 1490; baseline -0.002 -13"><span class='ocrx_word' id='word_1_180' title='bbox 125 1440 271 1477; x_wconf 82' lang='lat' dir='ltr'>exercui</span> <span class='ocrx_word' id='word_1_181' title='bbox 292 1456 299 1476; x_wconf 73' lang='grc' dir='ltr'>ε</span> <span class='ocrx_word' id='word_1_182' title='bbox 331 1440 578 1477; x_wconf 80' lang='lat' dir='ltr'>avidissumus</span> <span class='ocrx_word' id='word_1_183' title='bbox 598 1440 752 1489; x_wconf 78' lang='lat' dir='ltr'>privatae</span> <span class='ocrx_word' id='word_1_184' title='bbox 771 1440 913 1490; x_wconf 81' lang='lat' dir='ltr'>gratiae,</span> <span class='ocrx_word' id='word_1_185' title='bbox 933 1454 1124 1476; x_wconf 84' lang='lat' dir='ltr'>maxumas</span> <span class='ocrx_word' id='word_1_186' title='bbox 1147 1440 1357 1476; x_wconf 89' lang='lat' dir='ltr'>inimicitias</span> 
     </span>
     <span class='ocr_line' id='line_1_25' title="bbox 122 1493 1357 1544; baseline 0 -15"><span class='ocrx_word' id='word_1_187' title='bbox 122 1507 187 1542; x_wconf 91' lang='lat' dir='ltr'>pro</span> <span class='ocrx_word' id='word_1_188' title='bbox 206 1494 399 1542; x_wconf 62' lang='lat' dir='ltr'>republica</span> <span class='ocrx_word' id='word_1_189' title='bbox 432 1495 599 1542; x_wconf 82' lang='lat' dir='ltr'>suscepi:</span> <span class='ocrx_word' id='word_1_190' title='bbox 643 1494 706 1544; x_wconf 87' lang='lat' dir='ltr'>qui</span> <span class='ocrx_word' id='word_1_191' title='bbox 733 1494 851 1530; x_wconf 89' lang='lat' dir='ltr'>victus</span> <span class='ocrx_word' id='word_1_192' title='bbox 882 1508 967 1530; x_wconf 88' lang='lat' dir='ltr'>cum</span> <span class='ocrx_word' id='word_1_193' title='bbox 1001 1493 1067 1530; x_wconf 61' lang='lat' dir='ltr'>illa</span> <span class='ocrx_word' id='word_1_194' title='bbox 1100 1493 1223 1538; x_wconf 86' lang='lat' dir='ltr'>simul,</span> <span class='ocrx_word' id='word_1_195' title='bbox 1260 1493 1357 1537; x_wconf 77' lang='lat' dir='ltr'>cum,</span> 
     </span>
     <span class='ocr_line' id='line_1_26' title="bbox 122 1546 1358 1597; baseline 0.001 -15"><span class='ocrx_word' id='word_1_196' title='bbox 122 1560 236 1596; x_wconf 88' lang='lat' dir='ltr'>egens</span> <span class='ocrx_word' id='word_1_197' title='bbox 255 1546 385 1583; x_wconf 85' lang='lat' dir='ltr'>alienae</span> <span class='ocrx_word' id='word_1_198' title='bbox 405 1547 500 1597; x_wconf 88' lang='lat' dir='ltr'>opis,</span> <span class='ocrx_word' id='word_1_199' title='bbox 520 1547 627 1596; x_wconf 87' lang='lat' dir='ltr'>plura</span> <span class='ocrx_word' id='word_1_200' title='bbox 644 1547 740 1584; x_wconf 82' lang='lat' dir='ltr'>mala</span> <span class='ocrx_word' id='word_1_201' title='bbox 759 1553 1037 1596; x_wconf 82' lang='lat' dir='ltr'>exspectarem;</span> <span class='ocrx_word' id='word_1_202' title='bbox 1079 1561 1159 1587; x_wconf 83' lang='lat' dir='ltr'>vos,</span> <span class='ocrx_word' id='word_1_203' title='bbox 1180 1546 1358 1592; x_wconf 80' lang='lat' dir='ltr'>Quirites,</span> 
     </span>
     <span class='ocr_line' id='line_1_27' title="bbox 122 1600 1359 1650; baseline 0.002 -15"><span class='ocrx_word' id='word_1_204' title='bbox 122 1613 247 1636; x_wconf 88' lang='lat' dir='ltr'>rursus</span> <span class='ocrx_word' id='word_1_205' title='bbox 277 1600 364 1636; x_wconf 88' lang='lat' dir='ltr'>mihi</span> <span class='ocrx_word' id='word_1_206' title='bbox 382 1600 551 1650; x_wconf 80' lang='lat' dir='ltr'>patriam,</span> <span class='ocrx_word' id='word_1_207' title='bbox 581 1601 670 1636; x_wconf 89' lang='lat' dir='ltr'>deos</span> <span class='ocrx_word' id='word_1_208' title='bbox 699 1606 864 1649; x_wconf 79' lang='lat' dir='ltr'>penates,</span> <span class='ocrx_word' id='word_1_209' title='bbox 891 1614 974 1637; x_wconf 86' lang='lat' dir='ltr'>cum</span> <span class='ocrx_word' id='word_1_210' title='bbox 999 1600 1141 1650; x_wconf 85' lang='lat' dir='ltr'>ingenti</span> <span class='ocrx_word' id='word_1_211' title='bbox 1169 1600 1359 1649; x_wconf 76' lang='lat' dir='ltr'>dignitate,</span> 
     </span>
     <span class='ocr_line' id='line_1_28' title="bbox 123 1652 1361 1704; baseline 0.002 -16"><span class='ocrx_word' id='word_1_212' title='bbox 123 1653 289 1690; x_wconf 83' lang='lat' dir='ltr'>dedistis.</span> <span class='ocrx_word' id='word_1_213' title='bbox 343 1653 417 1691; x_wconf 91' lang='lat' dir='ltr'>Pro</span> <span class='ocrx_word' id='word_1_214' title='bbox 449 1654 586 1703; x_wconf 90' lang='lat' dir='ltr'>quibus</span> <span class='ocrx_word' id='word_1_215' title='bbox 622 1654 810 1690; x_wconf 85' lang='lat' dir='ltr'>beneficiis</span> <span class='ocrx_word' id='word_1_216' title='bbox 846 1654 907 1690; x_wconf 73' lang='lat' dir='ltr'>vix</span> <span class='ocrx_word' id='word_1_217' title='bbox 943 1652 1034 1690; x_wconf 84' lang='lat' dir='ltr'>satis</span> <span class='ocrx_word' id='word_1_218' title='bbox 1066 1659 1192 1704; x_wconf 79' lang='lat' dir='ltr'>gratus</span> <span class='ocrx_word' id='word_1_219' title='bbox 1221 1653 1361 1699; x_wconf 80' lang='lat' dir='ltr'>videar,</span> 
     </span>
     <span class='ocr_line' id='line_1_29' title="bbox 123 1706 1359 1757; baseline 0.001 -15"><span class='ocrx_word' id='word_1_220' title='bbox 123 1706 154 1742; x_wconf 90' lang='lat' dir='ltr'>si</span> <span class='ocrx_word' id='word_1_221' title='bbox 191 1706 344 1755; x_wconf 87' lang='lat' dir='ltr'>singulis</span> <span class='ocrx_word' id='word_1_222' title='bbox 377 1708 548 1751; x_wconf 83' lang='lat' dir='ltr'>animam,</span> <span class='ocrx_word' id='word_1_223' title='bbox 612 1720 696 1743; x_wconf 80' lang='lat' dir='ltr'>nam</span> <span class='ocrx_word' id='word_1_224' title='bbox 734 1721 893 1757; x_wconf 64' lang='lat' dir='ltr'>nequem</span> <span class='ocrx_word' id='word_1_225' title='bbox 927 1707 1188 1744; x_wconf 83' lang='lat' dir='ltr'>concesserim.</span> <span class='ocrx_word' id='word_1_226' title='bbox 1261 1706 1359 1743; x_wconf 87' lang='lat' dir='ltr'>Nam</span> 
     </span>
     <span class='ocr_line' id='line_1_30' title="bbox 123 1759 1359 1811; baseline 0 -15"><span class='ocrx_word' id='word_1_227' title='bbox 123 1759 198 1796; x_wconf 83' lang='lat' dir='ltr'>vita</span> <span class='ocrx_word' id='word_1_228' title='bbox 233 1766 270 1796; x_wconf 89' lang='lat' dir='ltr'>et</span> <span class='ocrx_word' id='word_1_229' title='bbox 293 1772 391 1797; x_wconf 86' lang='lat' dir='ltr'>mors</span> <span class='ocrx_word' id='word_1_230' title='bbox 416 1762 501 1811; x_wconf 84' lang='lat' dir='ltr'>jura</span> <span class='ocrx_word' id='word_1_231' title='bbox 532 1765 672 1796; x_wconf 81' lang='lat' dir='ltr'>naturae</span> <span class='ocrx_word' id='word_1_232' title='bbox 699 1766 807 1798; x_wconf 85' lang='lat' dir='ltr'>sunt:</span> <span class='ocrx_word' id='word_1_233' title='bbox 850 1759 907 1797; x_wconf 79' lang='lat' dir='ltr'>uti</span> <span class='ocrx_word' id='word_1_234' title='bbox 943 1761 1021 1797; x_wconf 90' lang='lat' dir='ltr'>sine</span> <span class='ocrx_word' id='word_1_235' title='bbox 1060 1761 1241 1797; x_wconf 89' lang='lat' dir='ltr'>dedecore</span> <span class='ocrx_word' id='word_1_236' title='bbox 1276 1774 1359 1797; x_wconf 89' lang='lat' dir='ltr'>cum</span> 
     </span>
     <span class='ocr_line' id='line_1_31' title="bbox 124 1812 1362 1864; baseline 0.001 -16"><span class='ocrx_word' id='word_1_237' title='bbox 124 1812 283 1858; x_wconf 73' lang='lat' dir='ltr'>civibus,</span> <span class='ocrx_word' id='word_1_238' title='bbox 296 1813 394 1850; x_wconf 62' lang='lat' dir='ltr'>fanni</span> <span class='ocrx_word' id='word_1_239' title='bbox 409 1819 445 1851; x_wconf 91' lang='lat' dir='ltr'>et</span> <span class='ocrx_word' id='word_1_240' title='bbox 463 1813 618 1850; x_wconf 84' lang='lat' dir='ltr'>fortunis</span> <span class='ocrx_word' id='word_1_241' title='bbox 638 1814 779 1864; x_wconf 81' lang='lat' dir='ltr'>integer</span> <span class='ocrx_word' id='word_1_242' title='bbox 799 1828 902 1864; x_wconf 76' lang='lat' dir='ltr'>agas,</span> <span class='ocrx_word' id='word_1_243' title='bbox 931 1814 969 1850; x_wconf 84' lang='lat' dir='ltr'>id</span> <span class='ocrx_word' id='word_1_244' title='bbox 993 1815 1090 1851; x_wconf 87' lang='lat' dir='ltr'>dono</span> <span class='ocrx_word' id='word_1_245' title='bbox 1119 1814 1226 1850; x_wconf 85' lang='lat' dir='ltr'>datur</span> <span class='ocrx_word' id='word_1_246' title='bbox 1251 1820 1362 1863; x_wconf 85' lang='lat' dir='ltr'>atque</span> 
     </span>
     <span class='ocr_line' id='line_1_32' title="bbox 124 1865 1360 1916; baseline 0.002 -15"><span class='ocrx_word' id='word_1_247' title='bbox 124 1865 313 1914; x_wconf 84' lang='lat' dir='ltr'>accipitur.</span> <span class='ocrx_word' id='word_1_248' title='bbox 368 1866 550 1903; x_wconf 88' lang='lat' dir='ltr'>Consules</span> <span class='ocrx_word' id='word_1_249' title='bbox 578 1880 651 1902; x_wconf 90' lang='lat' dir='ltr'>non</span> <span class='ocrx_word' id='word_1_250' title='bbox 672 1868 824 1912; x_wconf 71' lang='lat' dir='ltr'>fecistis,</span> <span class='ocrx_word' id='word_1_251' title='bbox 856 1867 1035 1913; x_wconf 86' lang='lat' dir='ltr'>Quirites,</span> <span class='ocrx_word' id='word_1_252' title='bbox 1063 1866 1163 1904; x_wconf 81' lang='lat' dir='ltr'>domi</span> <span class='ocrx_word' id='word_1_253' title='bbox 1197 1866 1360 1916; x_wconf 86' lang='lat' dir='ltr'>bellique</span> 
     </span>
     <span class='ocr_line' id='line_1_33' title="bbox 123 1919 1362 1971; baseline 0.002 -17"><span class='ocrx_word' id='word_1_254' title='bbox 123 1919 417 1967; x_wconf 57' lang='lat' dir='ltr'>impeditissuma</span> <span class='ocrx_word' id='word_1_255' title='bbox 435 1919 641 1969; x_wconf 61' lang='lat' dir='ltr'>republica.</span> <span class='ocrx_word' id='word_1_256' title='bbox 692 1920 866 1970; x_wconf 85' lang='lat' dir='ltr'>Namque</span> <span class='ocrx_word' id='word_1_257' title='bbox 898 1922 1139 1971; x_wconf 79' lang='lat' dir='ltr'>imperatores</span> <span class='ocrx_word' id='word_1_258' title='bbox 1168 1919 1362 1969; x_wconf 73' lang='lat' dir='ltr'>Hispaniae</span> 
     </span>
     <span class='ocr_line' id='line_1_34' title="bbox 125 1973 1361 2024; baseline 0.002 -17"><span class='ocrx_word' id='word_1_259' title='bbox 125 1973 361 2023; x_wconf 80' lang='lat' dir='ltr'>stipendium,</span> <span class='ocrx_word' id='word_1_260' title='bbox 381 1973 529 2016; x_wconf 83' lang='lat' dir='ltr'>milites,</span> <span class='ocrx_word' id='word_1_261' title='bbox 557 1987 670 2018; x_wconf 78' lang='lat' dir='ltr'>arma,</span> <span class='ocrx_word' id='word_1_262' title='bbox 698 1974 920 2011; x_wconf 71' lang='lat' dir='ltr'>trumentum</span> <span class='ocrx_word' id='word_1_263' title='bbox 949 1981 1130 2024; x_wconf 88' lang='lat' dir='ltr'>poscunt:</span> <span class='ocrx_word' id='word_1_264' title='bbox 1175 1980 1211 2011; x_wconf 81' lang='lat' dir='ltr'>et</span> <span class='ocrx_word' id='word_1_265' title='bbox 1236 1974 1270 2010; x_wconf 91' lang='lat' dir='ltr'>id</span> <span class='ocrx_word' id='word_1_266' title='bbox 1303 1988 1361 2010; x_wconf 86' lang='lat' dir='ltr'>res</span> 
     </span>
     <span class='ocr_line' id='line_1_35' title="bbox 125 2025 1362 2075; baseline 0.002 -15"><span class='ocrx_word' id='word_1_267' title='bbox 125 2025 245 2074; x_wconf 85' lang='lat' dir='ltr'>cogit:</span> <span class='ocrx_word' id='word_1_268' title='bbox 290 2026 474 2074; x_wconf 83' lang='lat' dir='ltr'>quoniam,</span> <span class='ocrx_word' id='word_1_269' title='bbox 508 2032 593 2075; x_wconf 90' lang='lat' dir='ltr'>post</span> <span class='ocrx_word' id='word_1_270' title='bbox 621 2026 867 2064; x_wconf 86' lang='lat' dir='ltr'>desectionem</span> <span class='ocrx_word' id='word_1_271' title='bbox 899 2028 1097 2072; x_wconf 87' lang='lat' dir='ltr'>sociorum,</span> <span class='ocrx_word' id='word_1_272' title='bbox 1139 2033 1175 2064; x_wconf 86' lang='lat' dir='ltr'>et</span> <span class='ocrx_word' id='word_1_273' title='bbox 1209 2026 1362 2064; x_wconf 85' lang='lat' dir='ltr'>Sertorii</span> 
     </span>
     <span class='ocr_line' id='line_1_36' title="bbox 126 2080 1361 2130; baseline 0.003 -17"><span class='ocrx_word' id='word_1_274' title='bbox 126 2091 193 2126; x_wconf 91' lang='lat' dir='ltr'>per</span> <span class='ocrx_word' id='word_1_275' title='bbox 224 2084 366 2115; x_wconf 88' lang='lat' dir='ltr'>montes</span> <span class='ocrx_word' id='word_1_276' title='bbox 397 2080 535 2128; x_wconf 84' lang='lat' dir='ltr'>fugam,</span> <span class='ocrx_word' id='word_1_277' title='bbox 566 2093 684 2128; x_wconf 84' lang='lat' dir='ltr'>neque</span> <span class='ocrx_word' id='word_1_278' title='bbox 715 2094 825 2116; x_wconf 83' lang='lat' dir='ltr'>manu</span> <span class='ocrx_word' id='word_1_279' title='bbox 864 2088 1001 2118; x_wconf 83' lang='lat' dir='ltr'>certare</span> <span class='ocrx_word' id='word_1_280' title='bbox 1042 2086 1213 2130; x_wconf 87' lang='lat' dir='ltr'>possunt,</span> <span class='ocrx_word' id='word_1_281' title='bbox 1241 2095 1361 2130; x_wconf 87' lang='lat' dir='ltr'>neque</span> 
     </span>
     <span class='ocr_line' id='line_1_37' title="bbox 126 2130 1363 2183; baseline 0.003 -18"><span class='ocrx_word' id='word_1_282' title='bbox 126 2130 231 2166; x_wconf 83' lang='lat' dir='ltr'>utilia</span> <span class='ocrx_word' id='word_1_283' title='bbox 259 2145 397 2176; x_wconf 82' lang='lat' dir='ltr'>parare.</span> <span class='ocrx_word' id='word_1_284' title='bbox 467 2132 661 2169; x_wconf 85' lang='lat' dir='ltr'>Exercitus</span> <span class='ocrx_word' id='word_1_285' title='bbox 708 2134 745 2169; x_wconf 80' lang='lat' dir='ltr'>iu</span> <span class='ocrx_word' id='word_1_286' title='bbox 781 2133 872 2171; x_wconf 81' lang='lat' dir='ltr'>Asia,</span> <span class='ocrx_word' id='word_1_287' title='bbox 908 2133 1112 2183; x_wconf 59' lang='lat' dir='ltr'>Ciliciaque</span> <span class='ocrx_word' id='word_1_288' title='bbox 1147 2135 1194 2170; x_wconf 90' lang='lat' dir='ltr'>ob</span> <span class='ocrx_word' id='word_1_289' title='bbox 1231 2134 1363 2170; x_wconf 83' lang='lat' dir='ltr'>nimias</span> 
     </span>
     <span class='ocr_line' id='line_1_38' title="bbox 127 2183 1362 2237; baseline 0.005 -20"><span class='ocrx_word' id='word_1_290' title='bbox 127 2196 215 2231; x_wconf 90' lang='lat' dir='ltr'>opes</span> <span class='ocrx_word' id='word_1_291' title='bbox 234 2183 456 2222; x_wconf 84' lang='lat' dir='ltr'>Mithridatis</span> <span class='ocrx_word' id='word_1_292' title='bbox 489 2185 660 2222; x_wconf 82' lang='lat' dir='ltr'>aluntur:</span> <span class='ocrx_word' id='word_1_293' title='bbox 705 2185 927 2224; x_wconf 83' lang='lat' dir='ltr'>Macedonia</span> <span class='ocrx_word' id='word_1_294' title='bbox 957 2188 1069 2237; x_wconf 84' lang='lat' dir='ltr'>plena</span> <span class='ocrx_word' id='word_1_295' title='bbox 1092 2187 1253 2224; x_wconf 87' lang='lat' dir='ltr'>hostium</span> <span class='ocrx_word' id='word_1_296' title='bbox 1283 2195 1362 2228; x_wconf 64' lang='grc' dir='ltr'>θεῖς</span> 
     </span>
     <span class='ocr_line' id='line_1_39' title="bbox 129 2236 1363 2288; baseline 0.003 -17"><span class='ocrx_word' id='word_1_297' title='bbox 129 2249 196 2272; x_wconf 91' lang='lat' dir='ltr'>nec</span> <span class='ocrx_word' id='word_1_298' title='bbox 216 2236 335 2274; x_wconf 76' lang='lat' dir='ltr'>minus</span> <span class='ocrx_word' id='word_1_299' title='bbox 354 2238 473 2277; x_wconf 81' lang='lat' dir='ltr'>Italiae</span> <span class='ocrx_word' id='word_1_300' title='bbox 492 2239 684 2275; x_wconf 80' lang='lat' dir='ltr'>marituma</span> <span class='ocrx_word' id='word_1_301' title='bbox 703 2246 739 2276; x_wconf 90' lang='lat' dir='ltr'>et</span> <span class='ocrx_word' id='word_1_302' title='bbox 758 2241 1026 2288; x_wconf 86' lang='lat' dir='ltr'>provinciarum</span> <span class='ocrx_word' id='word_1_303' title='bbox 1049 2257 1056 2277; x_wconf 74' lang='grc' dir='ltr'>ε</span> <span class='ocrx_word' id='word_1_304' title='bbox 1101 2240 1185 2277; x_wconf 74' lang='lat' dir='ltr'>cum</span> <span class='ocrx_word' id='word_1_305' title='bbox 1218 2239 1363 2276; x_wconf 79' lang='lat' dir='ltr'>interim</span> 
     </span>
    </p>
   </div>
   <div class='ocr_carea' id='block_1_5' title="bbox 129 2289 1364 2344">
    <p class='ocr_par' dir='ltr' id='par_1_6' title="bbox 129 2289 1364 2344">
     <span class='ocr_line' id='line_1_40' title="bbox 129 2289 1364 2344; baseline 0.004 -20"><span class='ocrx_word' id='word_1_306' title='bbox 129 2289 324 2339; x_wconf 84' lang='lat' dir='ltr'>vectigalia</span> <span class='ocrx_word' id='word_1_307' title='bbox 355 2305 481 2342; x_wconf 84' lang='lat' dir='ltr'>parva,</span> <span class='ocrx_word' id='word_1_308' title='bbox 517 2298 553 2330; x_wconf 88' lang='lat' dir='ltr'>et</span> <span class='ocrx_word' id='word_1_309' title='bbox 588 2292 695 2329; x_wconf 89' lang='lat' dir='ltr'>bellis</span> <span class='ocrx_word' id='word_1_310' title='bbox 731 2293 884 2341; x_wconf 86' lang='lat' dir='ltr'>incerta,</span> <span class='ocrx_word' id='word_1_311' title='bbox 907 2295 970 2333; x_wconf 89' lang='lat' dir='ltr'>vix</span> <span class='ocrx_word' id='word_1_312' title='bbox 1001 2300 1142 2344; x_wconf 84' lang='lat' dir='ltr'>partem</span> <span class='ocrx_word' id='word_1_313' title='bbox 1179 2299 1364 2331; x_wconf 84' lang='lat' dir='ltr'>sumtuum</span> 
     </span>
    </p>
   </div>
  </div>
 </body>
</html>
