1492 2531
366 122 579 161 BELLUM
609 121 711 160 CAT
713 121 826 161 ILIN
827 121 859 159 A
865 121 958 159 RIU
964 121 1014 158 M.
1254 120 1300 158 19

70 227 167 269 ,ritas
202 239 374 265 maxuma
407 227 515 269 foret,
551 227 688 263 bonum
731 225 923 275 publicum
970 223 1199 269 simulantes,
1234 237 1299 273 pro

81 282 148 319 su&
177 281 334 331 quisque
370 278 537 329 potentia
581 279 792 316 certabant:
838 291 958 328 neque
999 277 1070 314 illis
1106 277 1301 324 modestia,

80 347 199 384 neque
235 334 365 370 modus
404 333 647 370 contentionis
677 339 754 369 erat
766 346 775 375 ;
822 332 970 381 utrique
995 331 1185 368 victoriam
1222 345 1302 367 cru-

80 386 212 425 deliter
247 387 479 424 exercebant.
542 386 630 429 Sed,
666 391 864 435 postquam
903 385 969 422 Cn.
1013 383 1216 433 Pompeius
1252 385 1300 421 ad

80 440 218 477 bellum
248 440 470 476 maritimum
499 446 610 490 atque
641 437 936 475 Mithridaticum
959 437 1093 474 missus
1118 444 1196 482 est3
1223 436 1302 487 ple-

79 494 136 530 bis
160 506 250 542 opes
282 494 495 538 imminutae,
529 506 732 542 paucorum
767 491 931 541 potentia
966 491 1092 528 crevit.
1146 490 1196 527 Hi
1228 504 1301 527 ma·

78 547 267 596 gistratus,
295 546 518 595 provincias,
549 545 692 594 aliaque
723 545 844 582 omnia
868 550 1017 588 tenere;
1046 544 1117 593 ipsi
1148 544 1300 589 innoxii,

79 600 257 646 florentis,
291 600 369 637 sine
404 605 505 636 metu
537 605 681 636 aetatem
719 612 842 648 agere,
893 604 1119 647 caeterosque
1150 597 1301 648 judiciis

79 659 230 698 terrere,
259 650 334 702 quo
366 652 516 702 plebem
547 652 585 689 in
619 652 834 701 magistratu
867 650 1047 699 placidius
1085 656 1298 689 tractarent.

79 707 155 743 Sed
190 705 254 742 ubi
285 705 442 754 primum
473 705 596 743 dubiis
630 707 742 742 rebus
770 704 947 741 novandis
973 718 1059 752 spes
1088 704 1211 741 oblata
1231 709 1302 750 est,

79 765 186 796 vetus
216 765 399 795 certamen
428 759 569 795 animos
600 772 725 796 eorum
757 757 901 795 arrexit.
958 756 1070 802 Quod
1105 758 1136 794 si
1168 757 1302 806 primo,

79 812 209 861 praelio
247 812 406 849 Catilina
441 813 620 860 superior,
655 818 719 849 aut
754 812 861 861 aequa
891 824 1015 857 manu,
1044 811 1302 848 discessisset:

80 863 246 915 profecto
278 878 412 915 magna
439 865 562 902 clades
595 871 704 915 atque
728 865 916 902 calamitas
944 864 1205 913 rempublicam
1236 876 1301 913 op-

78 920 295 968 pressisset3
321 932 442 969 neque
472 918 558 964 illis,
580 919 644 968 qui
673 918 862 957 victoriam
898 917 1023 967 adepti
1058 918 1190 961 forent,
1221 917 1301 953 diu-

79 971 153 1009 tius
184 972 230 1009 ea
262 972 316 1008 uti
344 972 531 1017 licuisset3
561 973 650 1022 quin
679 972 833 1010 defessis
871 978 907 1008 et
939 971 1205 1021 exsanguibus,
1238 970 1303 1020 qui

80 1025 165 1074 plus
215 1031 355 1075 posset,
397 1026 590 1074 imperium
639 1032 750 1075 atque
802 1025 1010 1062 libertatem
1053 1030 1300 1074 extorqueret.

80 1078 202 1116 Fuere
235 1085 357 1115 tamen
404 1085 508 1116 extra
562 1079 850 1129 conjurationem
888 1077 1107 1126 complures,
1147 1077 1210 1126 qui
1255 1077 1303 1113 ad

83 1131 280 1169 Catilinam
297 1132 402 1169 initio
428 1132 582 1182 profecti
602 1138 687 1168 sunt
704 1147 712 1177 ;
741 1133 777 1169 in
796 1132 852 1168 his
873 1135 950 1168 erat
971 1130 1140 1177 Fulvius,
1159 1138 1304 1168 senato-

82 1185 131 1221 ris
159 1185 278 1229 filius3
306 1199 416 1234 quem
447 1191 643 1221 retractum
674 1199 720 1222 ex
754 1186 882 1222 itinere
917 1196 1046 1232 parens
1074 1185 1197 1221 necari
1220 1185 1304 1234 jus-

83 1238 140 1274 sit.
193 1237 331 1274 lisdem
355 1239 595 1287 temporibus,
622 1238 753 1274 Romae
780 1238 976 1283 Lentulus,
1005 1238 1112 1274 sicuti
1146 1237 1304 1274 Catilina

82 1295 324 1340 praeceperat,
357 1304 610 1340 quoscumque
638 1291 803 1328 moribus
843 1298 907 1328 aut
936 1290 1082 1327 fortuna
1115 1291 1221 1328 novis
1248 1303 1306 1327 re-

82 1345 152 1380 bus
171 1344 323 1380 idoneos
354 1345 542 1390 credebat,
571 1350 633 1381 aut
652 1358 716 1393 per
748 1358 800 1389 se,
820 1350 883 1381 aut
903 1357 969 1394 per
999 1343 1103 1390 alios,
1134 1343 1307 1381 sollicita-

81 1398 168 1443 bat3
212 1410 333 1445 neque
361 1396 481 1434 solum
529 1397 643 1443 cives,
678 1398 745 1435 sed
775 1398 1162 1448 cujuscumque-modi
1185 1411 1305 1447 genus

81 1450 271 1488 hominum
305 1451 405 1500 qnod
436 1448 545 1487 modo
588 1451 672 1487 usui
703 1450 802 1487 bello
833 1451 939 1489 foret.
994 1450 1112 1500 Igitur
1144 1450 1186 1487 P.
1217 1450 1305 1488 Um-

81 1504 197 1541 breno
228 1505 371 1541 cuidam
397 1504 586 1553 negotium
617 1504 692 1548 dat,
720 1503 774 1540 uti
802 1503 944 1554 legatos
977 1504 1220 1554 Allobrogum
1250 1517 1307 1541 re-

82 1557 220 1607 quirat;
258 1571 412 1606 eosque,
442 1558 472 1594 si
513 1557 645 1606 possit,
681 1557 846 1607 impellat
876 1558 921 1594 ad
951 1558 1161 1594 societatem
1190 1556 1307 1604 belli;

83 1610 321 1657 existumans,
356 1609 503 1660 publice
540 1609 785 1660 privatimque
826 1624 898 1648 aere
935 1611 1054 1648 alieno
1093 1624 1306 1660 oppresSOS,

83 1663 265 1713 praetereit
290 1662 391 1714 quod
417 1664 550 1701 natura
568 1678 659 1713 gens
687 1664 833 1701 Gallica
852 1663 1033 1702 bellicosa
1063 1671 1175 1708 esset,
1195 1663 1306 1701 facile

83 1718 131 1753 ad
173 1717 247 1754 tale
301 1716 493 1754 consilium
527 1717 660 1754 adduci
686 1731 810 1767 posse.
862 1717 1089 1759 Umbrenus,
1133 1715 1233 1766 quod
1267 1717 1306 1754 in

83 1769 209 1807 Gallia
226 1771 449 1820 negotiatus,
482 1769 667 1821 plerisque
702 1771 930 1820 principibus
967 1771 1155 1808 civitatum
1191 1776 1303 1808 notus

82 1829 174 1869 erat,
200 1830 309 1873 atque
340 1837 403 1860 eos
432 1831 603 1860 noverat:
644 1825 768 1874 itaque
799 1824 876 1861 sine
906 1825 1022 1869 mora,
1048 1824 1113 1861 ubi
1146 1824 1306 1872 primum

83 1876 226 1926 legatos
268 1877 305 1913 in
336 1877 415 1914 foro
449 1877 654 1926 conspexit,
684 1884 946 1927 percunctatus
976 1890 1099 1927 pauca
1134 1877 1178 1915 de
1200 1884 1299 1915 statu

84 1930 256 1976 civitatis,
296 1935 333 1966 et
366 1930 471 1980 quasi
508 1930 635 1967 dolens
672 1932 749 1980 ejus
784 1944 923 1971 casum,
959 1931 1144 1980 requirere
1180 1931 1308 1980 coepit,

84 1997 194 2033 quem
215 1983 353 2020 exitum
372 1984 481 2020 tantis
501 1984 605 2020 malis
636 1985 855 2033 sperarent?
909 1983 1117 2033 Postquam
1151 1983 1233 2020 illos
1249 1984 1306 2020 vi-

84 2037 147 2073 det
174 2037 279 2086 queri
314 2036 360 2073 de
393 2037 546 2074 avaritia
586 2038 881 2088 magistratuum,
918 2050 1092 2074 accusare
1126 2043 1307 2084 senatum,

85 2088 183 2139 quod
199 2090 236 2126 in
255 2103 298 2126 eo
324 2089 451 2126 auxilii
475 2089 565 2126 nihil
589 2104 693 2137 esse;
721 2091 872 2127 miseriis
893 2090 971 2127 suis
994 2091 1195 2127 remedium
1214 2104 1308 2128 mor-

84 2148 157 2180 tem
177 2148 410 2192 exspectare:
439 2140 494 2179 At
524 2156 605 2193 ego,
632 2144 764 2193 inquit,
787 2143 903 2187 vobis,
932 2143 964 2179 si
989 2142 1096 2180 modo
1125 2142 1202 2180 viri
1230 2157 1307 2181 esse

84 2195 209 2240 vultis,
227 2196 416 2233 rationem
435 2197 638 2240 mtendmn,
656 2195 731 2247 qud
749 2201 861 2234 tanta
879 2195 985 2232 mala
1006 2196 1083 2234 ista
1099 2195 1306 2247 effigiati-5.

86 2248 180 2286 Haec
198 2250 264 2286 ubi
294 2249 406 2286 dixit:
462 2248 700 2299 Allobroges,
728 2250 766 2286 in
794 2263 898 2299 spem
918 2263 1125 2287 maxumam
1145 2250 1309 2296 adducti,

85 2302 313 2340 Umbrenum
344 2316 462 2348 orare,
497 2300 552 2339 uti
589 2303 645 2338 sui
680 2303 933 2340 misereretur:
979 2303 1068 2340 nihil
1091 2309 1167 2340 tam
1205 2316 1308 2352 aspe-

86 2369 181 2399 rum,
213 2369 331 2405 neque
350 2361 423 2392 tam
443 2354 588 2392 difficile
616 2370 711 2401 esse,
741 2356 841 2405 quod
871 2369 944 2393 non
976 2355 1212 2406 cupidissime
1232 2356 1308 2393 fac-
