<?xml version="1.0" encoding="UTF-8"?>
<!DOCTYPE html PUBLIC "-//W3C//DTD XHTML 1.0 Transitional//EN"
    "http://www.w3.org/TR/xhtml1/DTD/xhtml1-transitional.dtd">
<html xmlns="http://www.w3.org/1999/xhtml" xml:lang="en" lang="en">
 <head>
  <title>
</title>
<meta http-equiv="Content-Type" content="text/html;charset=utf-8" />
  <meta name='ocr-system' content='tesseract 3.04.00' />
  <meta name='ocr-capabilities' content='ocr_page ocr_carea ocr_par ocr_line ocrx_word'/>
</head>
<body>
  <div class='ocr_page' id='page_1' title='image "./quaeextant00salluoft_0065.png"; bbox 0 0 1492 2531; ppageno 0'>
   <div class='ocr_carea' id='block_1_1' title="bbox 391 120 1314 163">
    <p class='ocr_par' dir='ltr' id='par_1_1' title="bbox 391 120 1314 163">
     <span class='ocr_line' id='line_1_1' title="bbox 391 120 1314 163; baseline -0.007 0"><span class='ocrx_word' id='word_1_1' title='bbox 391 123 609 163; x_wconf 85' lang='lat' dir='ltr'><strong>BELLUM</strong></span> <span class='ocrx_word' id='word_1_2' title='bbox 643 124 664 162; x_wconf 86' lang='lat' dir='ltr'><strong>J</strong></span> <span class='ocrx_word' id='word_1_3' title='bbox 667 122 889 161; x_wconf 89' lang='lat' dir='ltr'>UGURTH</span> <span class='ocrx_word' id='word_1_4' title='bbox 897 122 1036 160; x_wconf 87' lang='lat' dir='ltr'>INUM</span> <span class='ocrx_word' id='word_1_5' title='bbox 1041 152 1048 159; x_wconf 94' lang='lat'><strong><em>.</em></strong></span> <span class='ocrx_word' id='word_1_6' title='bbox 1264 120 1314 157; x_wconf 84' lang='grc'><strong>43</strong></span> 
     </span>
    </p>
   </div>
   <div class='ocr_carea' id='block_1_2' title="bbox 62 224 1321 2411">
    <p class='ocr_par' dir='ltr' id='par_1_2' title="bbox 71 224 1317 704">
     <span class='ocr_line' id='line_1_2' title="bbox 72 224 1313 278; baseline -0.007 -10"><span class='ocrx_word' id='word_1_7' title='bbox 72 230 137 268; x_wconf 85' lang='lat' dir='ltr'><strong>ubi</strong></span> <span class='ocrx_word' id='word_1_8' title='bbox 161 229 319 266; x_wconf 88' lang='lat' dir='ltr'>Romam</span> <span class='ocrx_word' id='word_1_9' title='bbox 346 229 458 278; x_wconf 82' lang='lat' dir='ltr'><strong>legati</strong></span> <span class='ocrx_word' id='word_1_10' title='bbox 488 241 646 274; x_wconf 83' lang='lat' dir='ltr'><strong>venere3</strong></span> <span class='ocrx_word' id='word_1_11' title='bbox 677 233 730 272; x_wconf 84' lang='lat' dir='ltr'><strong>et,</strong></span> <span class='ocrx_word' id='word_1_12' title='bbox 762 240 808 264; x_wconf 82' lang='lat' dir='ltr'><strong>ex</strong></span> <span class='ocrx_word' id='word_1_13' title='bbox 844 232 1028 276; x_wconf 65' lang='lat' dir='ltr'><strong>praecepto</strong></span> <span class='ocrx_word' id='word_1_14' title='bbox 1062 224 1173 274; x_wconf 64' lang='lat' dir='ltr'><strong>regie,</strong></span> <span class='ocrx_word' id='word_1_15' title='bbox 1189 224 1313 274; x_wconf 83' lang='lat' dir='ltr'><strong>hospi-</strong></span> 
     </span>
     <span class='ocr_line' id='line_1_3' title="bbox 71 278 1308 332; baseline -0.007 -11"><span class='ocrx_word' id='word_1_16' title='bbox 71 285 172 322; x_wconf 88' lang='lat' dir='ltr'><strong>tibus</strong></span> <span class='ocrx_word' id='word_1_17' title='bbox 199 283 367 332; x_wconf 84' lang='lat' dir='ltr'><strong>aliisque,</strong></span> <span class='ocrx_word' id='word_1_18' title='bbox 387 295 544 332; x_wconf 88' lang='lat' dir='ltr'><strong>quorum</strong></span> <span class='ocrx_word' id='word_1_19' title='bbox 572 295 617 318; x_wconf 83' lang='lat' dir='ltr'><strong>ea.</strong></span> <span class='ocrx_word' id='word_1_20' title='bbox 642 286 862 330; x_wconf 81' lang='lat' dir='ltr'><strong>tempestate</strong></span> <span class='ocrx_word' id='word_1_21' title='bbox 888 281 926 316; x_wconf 88' lang='lat' dir='ltr'><strong>in</strong></span> <span class='ocrx_word' id='word_1_22' title='bbox 949 284 1081 316; x_wconf 84' lang='lat' dir='ltr'><strong>senatu</strong></span> <span class='ocrx_word' id='word_1_23' title='bbox 1108 278 1308 314; x_wconf 84' lang='lat' dir='ltr'><strong>auctoritas</strong></span> 
     </span>
     <span class='ocr_line' id='line_1_4' title="bbox 71 331 1313 386; baseline -0.006 -13"><span class='ocrx_word' id='word_1_24' title='bbox 71 337 247 386; x_wconf 81' lang='lat' dir='ltr'><strong>pollebat,</strong></span> <span class='ocrx_word' id='word_1_25' title='bbox 284 349 417 385; x_wconf 83' lang='lat' dir='ltr'><strong>magna</strong></span> <span class='ocrx_word' id='word_1_26' title='bbox 452 348 605 372; x_wconf 82' lang='lat' dir='ltr'><strong>munera</strong></span> <span class='ocrx_word' id='word_1_27' title='bbox 645 335 801 371; x_wconf 85' lang='lat' dir='ltr'><strong>misere.</strong></span> <span class='ocrx_word' id='word_1_28' title='bbox 845 339 947 370; x_wconf 79' lang='lat' dir='ltr'><strong>tanta</strong></span> <span class='ocrx_word' id='word_1_29' title='bbox 983 331 1219 369; x_wconf 84' lang='lat' dir='ltr'>commutatio</span> <span class='ocrx_word' id='word_1_30' title='bbox 1255 331 1313 367; x_wconf 91' lang='lat' dir='ltr'><strong>in-</strong></span> 
     </span>
     <span class='ocr_line' id='line_1_5' title="bbox 73 384 1316 437; baseline -0.006 -11"><span class='ocrx_word' id='word_1_31' title='bbox 73 391 195 434; x_wconf 84' lang='lat' dir='ltr'><strong>cessit,</strong></span> <span class='ocrx_word' id='word_1_32' title='bbox 215 395 255 426; x_wconf 85' lang='lat' dir='ltr'><strong>ut</strong></span> <span class='ocrx_word' id='word_1_33' title='bbox 273 403 319 426; x_wconf 83' lang='lat' dir='ltr'><strong>ex</strong></span> <span class='ocrx_word' id='word_1_34' title='bbox 337 402 511 425; x_wconf 80' lang='lat' dir='ltr'><strong>maxuma</strong></span> <span class='ocrx_word' id='word_1_35' title='bbox 530 388 669 425; x_wconf 84' lang='lat' dir='ltr'><strong>invidia.</strong></span> <span class='ocrx_word' id='word_1_36' title='bbox 695 389 732 424; x_wconf 78' lang='lat' dir='ltr'><strong>in</strong></span> <span class='ocrx_word' id='word_1_37' title='bbox 757 387 913 437; x_wconf 80' lang='lat' dir='ltr'><strong>gratiam</strong></span> <span class='ocrx_word' id='word_1_38' title='bbox 938 391 975 423; x_wconf 85' lang='lat' dir='ltr'><strong>et</strong></span> <span class='ocrx_word' id='word_1_39' title='bbox 1004 386 1166 422; x_wconf 81' lang='lat' dir='ltr'><strong>savorem</strong></span> <span class='ocrx_word' id='word_1_40' title='bbox 1183 384 1316 421; x_wconf 86' lang='lat' dir='ltr'><strong>nobili-</strong></span> 
     </span>
     <span class='ocr_line' id='line_1_6' title="bbox 72 438 1313 492; baseline -0.005 -13"><span class='ocrx_word' id='word_1_41' title='bbox 72 445 156 479; x_wconf 88' lang='lat' dir='ltr'><strong>tatis</strong></span> <span class='ocrx_word' id='word_1_42' title='bbox 188 443 372 492; x_wconf 69' lang='lat' dir='ltr'><strong>Iugurtha</strong></span> <span class='ocrx_word' id='word_1_43' title='bbox 409 442 562 478; x_wconf 85' lang='lat' dir='ltr'><strong>veniret.</strong></span> <span class='ocrx_word' id='word_1_44' title='bbox 629 440 798 483; x_wconf 85' lang='lat' dir='ltr'><strong>Quorum</strong></span> <span class='ocrx_word' id='word_1_45' title='bbox 836 454 919 491; x_wconf 84' lang='lat' dir='ltr'><strong>pars</strong></span> <span class='ocrx_word' id='word_1_46' title='bbox 954 453 1032 490; x_wconf 81' lang='lat' dir='ltr'><strong>spe,</strong></span> <span class='ocrx_word' id='word_1_47' title='bbox 1070 438 1130 474; x_wconf 81' lang='lat' dir='ltr'><strong>alii</strong></span> <span class='ocrx_word' id='word_1_48' title='bbox 1162 438 1313 488; x_wconf 86' lang='lat' dir='ltr'><strong>praemio</strong></span> 
     </span>
     <span class='ocr_line' id='line_1_7' title="bbox 71 474 1312 546; baseline -0.005 -14"><span class='ocrx_word' id='word_1_49' title='bbox 71 496 224 541; x_wconf 82' lang='lat' dir='ltr'><strong>inducti,</strong></span> <span class='ocrx_word' id='word_1_50' title='bbox 239 474 427 546; x_wconf 53' lang='lat' dir='ltr'><strong>”singulos</strong></span> <span class='ocrx_word' id='word_1_51' title='bbox 469 508 517 531; x_wconf 86' lang='lat' dir='ltr'><strong>ex</strong></span> <span class='ocrx_word' id='word_1_52' title='bbox 562 501 694 532; x_wconf 81' lang='lat' dir='ltr'><strong>senatu</strong></span> <span class='ocrx_word' id='word_1_53' title='bbox 733 493 948 539; x_wconf 83' lang='lat' dir='ltr'>ambiundo,</span> <span class='ocrx_word' id='word_1_54' title='bbox 993 492 1222 536; x_wconf 84' lang='lat' dir='ltr'><strong>nitebantur,</strong></span> <span class='ocrx_word' id='word_1_55' title='bbox 1264 503 1312 527; x_wconf 88' lang='lat' dir='ltr'><strong>ne</strong></span> 
     </span>
     <span class='ocr_line' id='line_1_8' title="bbox 71 543 1317 598; baseline -0.004 -12.992"><span class='ocrx_word' id='word_1_56' title='bbox 71 549 220 598; x_wconf 85' lang='lat' dir='ltr'><strong>gravius</strong></span> <span class='ocrx_word' id='word_1_57' title='bbox 246 549 283 586; x_wconf 91' lang='lat' dir='ltr'><strong>in</strong></span> <span class='ocrx_word' id='word_1_58' title='bbox 308 563 393 586; x_wconf 87' lang='lat' dir='ltr'><strong>eum</strong></span> <span class='ocrx_word' id='word_1_59' title='bbox 423 548 687 585; x_wconf 79' lang='lat' dir='ltr'><strong>consuleretur.</strong></span> <span class='ocrx_word' id='word_1_60' title='bbox 744 547 878 596; x_wconf 83' lang='lat' dir='ltr'><strong>Igitur,</strong></span> <span class='ocrx_word' id='word_1_61' title='bbox 901 546 963 583; x_wconf 81' lang='lat' dir='ltr'><strong>ubi</strong></span> <span class='ocrx_word' id='word_1_62' title='bbox 981 545 1095 595; x_wconf 68' lang='lat' dir='ltr'><strong>legati</strong></span> <span class='ocrx_word' id='word_1_63' title='bbox 1114 543 1205 581; x_wconf 76' lang='lat' dir='ltr'><strong>satis</strong></span> <span class='ocrx_word' id='word_1_64' title='bbox 1225 558 1317 581; x_wconf 89' lang='lat' dir='ltr'><strong>con-</strong></span> 
     </span>
     <span class='ocr_line' id='line_1_9' title="bbox 72 598 1315 650; baseline -0.005 -11"><span class='ocrx_word' id='word_1_65' title='bbox 72 602 203 646; x_wconf 88' lang='lat' dir='ltr'><strong>fidunt,</strong></span> <span class='ocrx_word' id='word_1_66' title='bbox 223 603 281 639; x_wconf 83' lang='lat' dir='ltr'><strong>die</strong></span> <span class='ocrx_word' id='word_1_67' title='bbox 301 603 514 645; x_wconf 81' lang='lat' dir='ltr'><strong>constituto,</strong></span> <span class='ocrx_word' id='word_1_68' title='bbox 534 608 685 638; x_wconf 85' lang='lat' dir='ltr'><strong>senatus</strong></span> <span class='ocrx_word' id='word_1_69' title='bbox 706 602 871 650; x_wconf 87' lang='lat' dir='ltr'><strong>utrisque</strong></span> <span class='ocrx_word' id='word_1_70' title='bbox 893 600 1013 637; x_wconf 86' lang='lat' dir='ltr'><strong>datur.</strong></span> <span class='ocrx_word' id='word_1_71' title='bbox 1066 598 1165 634; x_wconf 87' lang='lat' dir='ltr'><strong>Tum</strong></span> <span class='ocrx_word' id='word_1_72' title='bbox 1179 598 1315 635; x_wconf 84' lang='lat' dir='ltr'><strong>Ather-</strong></span> 
     </span>
     <span class='ocr_line' id='line_1_10' title="bbox 73 655 852 704; baseline -0.004 -12"><span class='ocrx_word' id='word_1_73' title='bbox 73 655 194 692; x_wconf 80' lang='lat' dir='ltr'><strong>balem</strong></span> <span class='ocrx_word' id='word_1_74' title='bbox 215 656 284 692; x_wconf 87' lang='lat' dir='ltr'><strong>hoc</strong></span> <span class='ocrx_word' id='word_1_75' title='bbox 303 657 413 693; x_wconf 90' lang='lat' dir='ltr'><strong>modo</strong></span> <span class='ocrx_word' id='word_1_76' title='bbox 430 655 598 692; x_wconf 85' lang='lat' dir='ltr'><strong>locutum</strong></span> <span class='ocrx_word' id='word_1_77' title='bbox 617 655 852 704; x_wconf 80' lang='lat' dir='ltr'><strong>accepimus:</strong></span> 
     </span>
    </p>

    <p class='ocr_par' dir='ltr' id='par_1_3' title="bbox 62 705 1321 2411">
     <span class='ocr_line' id='line_1_11' title="bbox 127 705 1315 758; baseline -0.003 -12"><span class='ocrx_word' id='word_1_78' title='bbox 127 710 176 746; x_wconf 88' lang='lat' dir='ltr'><strong>P.</strong></span> <span class='ocrx_word' id='word_1_79' title='bbox 203 709 260 754; x_wconf 83' lang='lat' dir='ltr'><strong>C.‚</strong></span> <span class='ocrx_word' id='word_1_80' title='bbox 282 709 452 758; x_wconf 58' lang='lat' dir='ltr'><strong>[Micipsa</strong></span> <span class='ocrx_word' id='word_1_81' title='bbox 486 715 602 758; x_wconf 82' lang='lat' dir='ltr'><strong>pater</strong></span> <span class='ocrx_word' id='word_1_82' title='bbox 638 721 755 752; x_wconf 83' lang='lat' dir='ltr'><strong>meus,</strong></span> <span class='ocrx_word' id='word_1_83' title='bbox 784 707 957 751; x_wconf 84' lang='lat' dir='ltr'><strong>moriens,</strong></span> <span class='ocrx_word' id='word_1_84' title='bbox 997 705 1092 742; x_wconf 79' lang='lat' dir='ltr'><strong>mihi</strong></span> <span class='ocrx_word' id='word_1_85' title='bbox 1125 705 1315 755; x_wconf 71' lang='lat' dir='ltr'><strong>praecep‘it</strong></span> 
     </span>
     <span class='ocr_line' id='line_1_12' title="bbox 71 759 1313 812; baseline -0.003 -14"><span class='ocrx_word' id='word_1_86' title='bbox 71 762 129 798; x_wconf 67' lang='lat' dir='ltr'><strong>ut}</strong></span> <span class='ocrx_word' id='word_1_87' title='bbox 163 764 271 812; x_wconf 72' lang='lat' dir='ltr'><strong>reyni</strong></span> <span class='ocrx_word' id='word_1_88' title='bbox 302 761 498 798; x_wconf 70' lang='lat' dir='ltr'><strong>Numidia:</strong></span> <span class='ocrx_word' id='word_1_89' title='bbox 535 762 792 798; x_wconf 74' lang='lat' dir='ltr'><strong>tantummodo</strong></span> <span class='ocrx_word' id='word_1_90' title='bbox 817 761 1128 809; x_wconf 78' lang='lat' dir='ltr'><strong>procurationem</strong></span> <span class='ocrx_word' id='word_1_91' title='bbox 1167 759 1313 795; x_wconf 71' lang='lat' dir='ltr'><strong>existu-</strong></span> 
     </span>
     <span class='ocr_line' id='line_1_13' title="bbox 71 815 1311 864; baseline -0.002 -13"><span class='ocrx_word' id='word_1_92' title='bbox 71 828 211 852; x_wconf 84' lang='lat' dir='ltr'><strong>marem</strong></span> <span class='ocrx_word' id='word_1_93' title='bbox 229 829 376 856; x_wconf 86' lang='lat' dir='ltr'><strong>meam‚·</strong></span> <span class='ocrx_word' id='word_1_94' title='bbox 413 815 588 853; x_wconf 70' lang='lat' dir='ltr'><strong>caeterum</strong></span> <span class='ocrx_word' id='word_1_95' title='bbox 598 815 668 864; x_wconf 82' lang='lat' dir='ltr'><strong>jus</strong></span> <span class='ocrx_word' id='word_1_96' title='bbox 689 821 726 851; x_wconf 86' lang='lat' dir='ltr'><strong>et</strong></span> <span class='ocrx_word' id='word_1_97' title='bbox 747 815 943 862; x_wconf 74' lang='lat' dir='ltr'><strong>imperium</strong></span> <span class='ocrx_word' id='word_1_98' title='bbox 967 826 1084 863; x_wconf 82' lang='lat' dir='ltr'><strong>penes</strong></span> <span class='ocrx_word' id='word_1_99' title='bbox 1112 825 1176 849; x_wconf 80' lang='lat' dir='ltr'><strong>vos</strong></span> <span class='ocrx_word' id='word_1_100' title='bbox 1205 823 1311 848; x_wconf 84' lang='lat' dir='ltr'><strong>esse:</strong></span> 
     </span>
     <span class='ocr_line' id='line_1_14' title="bbox 72 866 1314 919; baseline -0.002 -15"><span class='ocrx_word' id='word_1_101' title='bbox 72 869 187 905; x_wconf 83' lang='lat' dir='ltr'><strong>simul</strong></span> <span class='ocrx_word' id='word_1_102' title='bbox 203 870 366 906; x_wconf 80' lang='lat' dir='ltr'><strong>eniterer</strong></span> <span class='ocrx_word' id='word_1_103' title='bbox 398 869 497 907; x_wconf 65' lang='lat' dir='ltr'><strong>dom}</strong></span> <span class='ocrx_word' id='word_1_104' title='bbox 530 869 754 919; x_wconf 68' lang='lat' dir='ltr'><strong>militiaque</strong></span> <span class='ocrx_word' id='word_1_105' title='bbox 782 868 896 918; x_wconf 66' lang='lat' dir='ltr'><strong>quum</strong></span> <span class='ocrx_word' id='word_1_106' title='bbox 926 879 1101 903; x_wconf 69' lang='lat' dir='ltr'><strong>maxumo</strong></span> <span class='ocrx_word' id='word_1_107' title='bbox 1129 866 1217 902; x_wconf 87' lang='lat' dir='ltr'><strong>usui</strong></span> <span class='ocrx_word' id='word_1_108' title='bbox 1236 878 1314 902; x_wconf 87' lang='lat' dir='ltr'><strong>esse</strong></span> 
     </span>
     <span class='ocr_line' id='line_1_15' title="bbox 65 919 1314 972; baseline -0.003 -14"><span class='ocrx_word' id='word_1_109' title='bbox 65 922 207 972; x_wconf 82' lang='lat' dir='ltr'><strong>populo</strong></span> <span class='ocrx_word' id='word_1_110' title='bbox 221 923 429 962; x_wconf 70' lang='lat' dir='ltr'><strong>,Romanos</strong></span> <span class='ocrx_word' id='word_1_111' title='bbox 469 935 533 959; x_wconf 82' lang='lat' dir='ltr'><strong>vos</strong></span> <span class='ocrx_word' id='word_1_112' title='bbox 571 922 665 958; x_wconf 74' lang='lat' dir='ltr'><strong>milii</strong></span> <span class='ocrx_word' id='word_1_113' title='bbox 691 927 953 970; x_wconf 62' lang='lat' dir='ltr'><strong>cognatorum,</strong></span> <span class='ocrx_word' id='word_1_114' title='bbox 989 932 1051 956; x_wconf 77' lang='lat' dir='ltr'><strong>vos</strong></span> <span class='ocrx_word' id='word_1_115' title='bbox 1073 922 1112 955; x_wconf 85' lang='lat' dir='ltr'><strong>in</strong></span> <span class='ocrx_word' id='word_1_116' title='bbox 1142 919 1314 967; x_wconf 81' lang='lat' dir='ltr'><strong>affinium</strong></span> 
     </span>
     <span class='ocr_line' id='line_1_16' title="bbox 73 970 1315 1024; baseline -0.003 -13"><span class='ocrx_word' id='word_1_117' title='bbox 73 975 194 1012; x_wconf 88' lang='lat' dir='ltr'><strong>locum</strong></span> <span class='ocrx_word' id='word_1_118' title='bbox 215 977 412 1012; x_wconf 81' lang='lat' dir='ltr'><strong>ducerem:</strong></span> <span class='ocrx_word' id='word_1_119' title='bbox 452 978 485 1013; x_wconf 85' lang='lat' dir='ltr'><strong>si</strong></span> <span class='ocrx_word' id='word_1_120' title='bbox 511 989 555 1012; x_wconf 85' lang='lat' dir='ltr'><strong>ea</strong></span> <span class='ocrx_word' id='word_1_121' title='bbox 567 976 764 1024; x_wconf 82' lang='lat' dir='ltr'><strong>fecissem,</strong></span> <span class='ocrx_word' id='word_1_122' title='bbox 794 976 832 1010; x_wconf 84' lang='lat' dir='ltr'><strong>in</strong></span> <span class='ocrx_word' id='word_1_123' title='bbox 863 973 989 1011; x_wconf 72' lang='lat' dir='ltr'><strong>vestrd</strong></span> <span class='ocrx_word' id='word_1_124' title='bbox 1009 970 1185 1009; x_wconf 80' lang='lat' dir='ltr'><strong>amicitia&#39;</strong></span> <span class='ocrx_word' id='word_1_125' title='bbox 1205 984 1315 1008; x_wconf 73' lang='lat' dir='ltr'><strong>exer-</strong></span> 
     </span>
     <span class='ocr_line' id='line_1_17' title="bbox 71 1025 1314 1077; baseline -0.002 -13"><span class='ocrx_word' id='word_1_126' title='bbox 71 1030 204 1073; x_wconf 85' lang='lat' dir='ltr'><strong>citum,</strong></span> <span class='ocrx_word' id='word_1_127' title='bbox 237 1031 413 1074; x_wconf 81' lang='lat' dir='ltr'><strong>divitias,</strong></span> <span class='ocrx_word' id='word_1_128' title='bbox 442 1031 678 1066; x_wconf 83' lang='lat' dir='ltr'><strong>munimenta</strong></span> <span class='ocrx_word' id='word_1_129' title='bbox 698 1029 818 1077; x_wconf 85' lang='lat' dir='ltr'><strong>re9ni‚</strong></span> <span class='ocrx_word' id='word_1_130' title='bbox 850 1040 906 1064; x_wconf 85' lang='lat' dir='ltr'><strong>me</strong></span> <span class='ocrx_word' id='word_1_131' title='bbox 927 1026 1162 1063; x_wconf 74' lang='lat' dir='ltr'><strong>habiturum.</strong></span> <span class='ocrx_word' id='word_1_132' title='bbox 1223 1025 1314 1068; x_wconf 69' lang='lat' dir='ltr'><strong>Qua:</strong></span> 
     </span>
     <span class='ocr_line' id='line_1_18' title="bbox 64 1079 1315 1142; baseline -0.003 -24"><span class='ocrx_word' id='word_1_133' title='bbox 64 1088 260 1142; x_wconf 67' lang='lat' dir='ltr'><strong>praecepta</strong></span> <span class='ocrx_word' id='word_1_134' title='bbox 290 1084 467 1131; x_wconf 83' lang='lat' dir='ltr'><strong>parentis</strong></span> <span class='ocrx_word' id='word_1_135' title='bbox 502 1083 577 1119; x_wconf 86' lang='lat' dir='ltr'><strong>mei</strong></span> <span class='ocrx_word' id='word_1_136' title='bbox 611 1082 693 1118; x_wconf 68' lang='lat' dir='ltr'><strong>cum</strong></span> <span class='ocrx_word' id='word_1_137' title='bbox 729 1082 944 1129; x_wconf 76' lang='lat' dir='ltr'><strong>ayitarem‚·</strong></span> <span class='ocrx_word' id='word_1_138' title='bbox 994 1079 1209 1128; x_wconf 72' lang='lat' dir='ltr'><strong>Juyurtha,</strong></span> <span class='ocrx_word' id='word_1_139' title='bbox 1248 1079 1315 1115; x_wconf 77' lang='lat' dir='ltr'><strong>ho-</strong></span> 
     </span>
     <span class='ocr_line' id='line_1_19' title="bbox 72 1134 1313 1186; baseline -0.002 -14.998"><span class='ocrx_word' id='word_1_140' title='bbox 72 1148 130 1172; x_wconf 85' lang='lat' dir='ltr'><strong>mo</strong></span> <span class='ocrx_word' id='word_1_141' title='bbox 154 1136 331 1179; x_wconf 85' lang='lat' dir='ltr'><strong>omnium,</strong></span> <span class='ocrx_word' id='word_1_142' title='bbox 364 1148 456 1186; x_wconf 79' lang='lat' dir='ltr'><strong>quos</strong></span> <span class='ocrx_word' id='word_1_143' title='bbox 497 1141 602 1172; x_wconf 86' lang='lat' dir='ltr'><strong>terra</strong></span> <span class='ocrx_word' id='word_1_144' title='bbox 637 1135 814 1177; x_wconf 75' lang='lat' dir='ltr'><strong>sustinet,</strong></span> <span class='ocrx_word' id='word_1_145' title='bbox 849 1134 1184 1176; x_wconf 81' lang='lat' dir='ltr'><strong>sceleratissimus,</strong></span> <span class='ocrx_word' id='word_1_146' title='bbox 1201 1144 1313 1169; x_wconf 64' lang='lat' dir='ltr'><strong>eon-</strong></span> 
     </span>
     <span class='ocr_line' id='line_1_20' title="bbox 74 1185 1316 1238; baseline -0.001 -15"><span class='ocrx_word' id='word_1_147' title='bbox 74 1193 215 1238; x_wconf 81' lang='lat' dir='ltr'><strong>tempto</strong></span> <span class='ocrx_word' id='word_1_148' title='bbox 253 1189 407 1238; x_wconf 82' lang='lat' dir='ltr'><strong>imperis</strong></span> <span class='ocrx_word' id='word_1_149' title='bbox 438 1195 578 1225; x_wconf 82' lang='lat' dir='ltr'><strong>vestro.</strong></span> <span class='ocrx_word' id='word_1_150' title='bbox 635 1188 853 1224; x_wconf 84' lang='lat' dir='ltr'><strong>Masinissae</strong></span> <span class='ocrx_word' id='word_1_151' title='bbox 884 1200 939 1223; x_wconf 84' lang='lat' dir='ltr'><strong>nze</strong></span> <span class='ocrx_word' id='word_1_152' title='bbox 970 1192 1154 1234; x_wconf 87' lang='lat' dir='ltr'><strong>nepotem,</strong></span> <span class='ocrx_word' id='word_1_153' title='bbox 1184 1185 1316 1236; x_wconf 82' lang='lat' dir='ltr'><strong>utique</strong></span> 
     </span>
     <span class='ocr_line' id='line_1_21' title="bbox 73 1240 1315 1292; baseline -0.002 -15"><span class='ocrx_word' id='word_1_154' title='bbox 73 1241 120 1278; x_wconf 80' lang='lat' dir='ltr'><strong>ab</strong></span> <span class='ocrx_word' id='word_1_155' title='bbox 157 1244 275 1290; x_wconf 78' lang='lat' dir='ltr'><strong>stirpe</strong></span> <span class='ocrx_word' id='word_1_156' title='bbox 307 1244 445 1279; x_wconf 81' lang='lat' dir='ltr'><strong>socium</strong></span> <span class='ocrx_word' id='word_1_157' title='bbox 480 1248 597 1292; x_wconf 83' lang='lat' dir='ltr'><strong>atque</strong></span> <span class='ocrx_word' id='word_1_158' title='bbox 627 1243 789 1278; x_wconf 84' lang='lat' dir='ltr'><strong>amicum</strong></span> <span class='ocrx_word' id='word_1_159' title='bbox 822 1240 959 1290; x_wconf 79' lang='lat' dir='ltr'><strong>populi</strong></span> <span class='ocrx_word' id='word_1_160' title='bbox 991 1240 1172 1281; x_wconf 82' lang='lat' dir='ltr'><strong>Romani,</strong></span> <span class='ocrx_word' id='word_1_161' title='bbox 1200 1250 1315 1288; x_wconf 74' lang='lat' dir='ltr'><strong>reyno</strong></span> 
     </span>
     <span class='ocr_line' id='line_1_22' title="bbox 62 1292 1315 1359; baseline -0.002 -28"><span class='ocrx_word' id='word_1_162' title='bbox 62 1297 318 1359; x_wconf 66' lang='lat' dir='ltr'><strong>⁸fortunisque</strong></span> <span class='ocrx_word' id='word_1_163' title='bbox 350 1295 519 1331; x_wconf 85' lang='lat' dir='ltr'><strong>omnibus</strong></span> <span class='ocrx_word' id='word_1_164' title='bbox 548 1294 710 1343; x_wconf 76' lang='lat' dir='ltr'><strong>expulit.</strong></span> <span class='ocrx_word' id='word_1_165' title='bbox 768 1295 899 1343; x_wconf 84' lang='lat' dir='ltr'><strong>Atque</strong></span> <span class='ocrx_word' id='word_1_166' title='bbox 919 1306 1001 1342; x_wconf 70' lang='lat' dir='ltr'><strong>eqo,</strong></span> <span class='ocrx_word' id='word_1_167' title='bbox 1037 1293 1088 1329; x_wconf 91' lang='lat' dir='ltr'><strong>P.</strong></span> <span class='ocrx_word' id='word_1_168' title='bbox 1130 1292 1188 1336; x_wconf 88' lang='lat' dir='ltr'><strong>C.‚</strong></span> <span class='ocrx_word' id='word_1_169' title='bbox 1221 1305 1315 1342; x_wconf 78' lang='lat' dir='ltr'><strong>quo-</strong></span> 
     </span>
     <span class='ocr_line' id='line_1_23' title="bbox 74 1344 1316 1395; baseline -0.002 -11"><span class='ocrx_word' id='word_1_170' title='bbox 74 1349 177 1384; x_wconf 84' lang='lat' dir='ltr'><strong>niam</strong></span> <span class='ocrx_word' id='word_1_171' title='bbox 213 1348 252 1384; x_wconf 73' lang='lat' dir='ltr'><strong>eb</strong></span> <span class='ocrx_word' id='word_1_172' title='bbox 288 1349 526 1384; x_wconf 86' lang='lat' dir='ltr'><strong>miseriarum</strong></span> <span class='ocrx_word' id='word_1_173' title='bbox 563 1353 749 1384; x_wconf 82' lang='lat' dir='ltr'><strong>venturus</strong></span> <span class='ocrx_word' id='word_1_174' title='bbox 781 1359 900 1391; x_wconf 86' lang='lat' dir='ltr'><strong>eram,</strong></span> <span class='ocrx_word' id='word_1_175' title='bbox 932 1346 1080 1389; x_wconf 84' lang='lat' dir='ltr'><strong>vellem,</strong></span> <span class='ocrx_word' id='word_1_176' title='bbox 1107 1344 1238 1395; x_wconf 71' lang='lat' dir='ltr'><strong>potius</strong></span> <span class='ocrx_word' id='word_1_177' title='bbox 1272 1346 1316 1382; x_wconf 82' lang='lat' dir='ltr'><strong>ob</strong></span> 
     </span>
     <span class='ocr_line' id='line_1_24' title="bbox 73 1399 1318 1452; baseline -0.001 -16"><span class='ocrx_word' id='word_1_178' title='bbox 73 1413 169 1445; x_wconf 75' lang='lat' dir='ltr'><strong>mea3</strong></span> <span class='ocrx_word' id='word_1_179' title='bbox 207 1402 320 1452; x_wconf 68' lang='lat' dir='ltr'><strong>quam</strong></span> <span class='ocrx_word' id='word_1_180' title='bbox 358 1401 401 1438; x_wconf 79' lang='lat' dir='ltr'><strong>ob</strong></span> <span class='ocrx_word' id='word_1_181' title='bbox 435 1414 621 1450; x_wconf 73' lang='lat' dir='ltr'><strong>majorum</strong></span> <span class='ocrx_word' id='word_1_182' title='bbox 654 1413 817 1438; x_wconf 78' lang='lat' dir='ltr'><strong>meorum</strong></span> <span class='ocrx_word' id='word_1_183' title='bbox 858 1400 1053 1448; x_wconf 75' lang='lat' dir='ltr'><strong>beneficia,</strong></span> <span class='ocrx_word' id='word_1_184' title='bbox 1067 1411 1178 1447; x_wconf 88' lang='lat' dir='ltr'><strong>posse</strong></span> <span class='ocrx_word' id='word_1_185' title='bbox 1206 1411 1263 1434; x_wconf 86' lang='lat' dir='ltr'><strong>me</strong></span> <span class='ocrx_word' id='word_1_186' title='bbox 1294 1399 1318 1435; x_wconf 71' lang='lat'><strong>&lt;2</strong></span> 
     </span>
     <span class='ocr_line' id='line_1_25' title="bbox 74 1451 1318 1503; baseline -0.002 -13"><span class='ocrx_word' id='word_1_187' title='bbox 74 1454 179 1491; x_wconf 83' lang='lat' dir='ltr'><strong>vobis</strong></span> <span class='ocrx_word' id='word_1_188' title='bbox 206 1455 399 1491; x_wconf 76' lang='lat' dir='ltr'><strong>auaez&#39;lz&#39;um</strong></span> <span class='ocrx_word' id='word_1_189' title='bbox 421 1461 567 1503; x_wconf 84' lang='lat' dir='ltr'><strong>petere,</strong></span> <span class='ocrx_word' id='word_1_190' title='bbox 602 1468 647 1491; x_wconf 90' lang='lat' dir='ltr'><strong>ac</strong></span> <span class='ocrx_word' id='word_1_191' title='bbox 679 1453 854 1491; x_wconf 73' lang='lat' dir='ltr'><strong>maxume}</strong></span> <span class='ocrx_word' id='word_1_192' title='bbox 879 1453 1007 1489; x_wconf 86' lang='lat' dir='ltr'><strong>deberi</strong></span> <span class='ocrx_word' id='word_1_193' title='bbox 1026 1453 1120 1488; x_wconf 80' lang='lat' dir='ltr'><strong>mihi</strong></span> <span class='ocrx_word' id='word_1_194' title='bbox 1135 1451 1318 1500; x_wconf 73' lang='lat' dir='ltr'><strong>beneficia</strong></span> 
     </span>
     <span class='ocr_line' id='line_1_26' title="bbox 75 1505 1319 1559; baseline -0.001 -17"><span class='ocrx_word' id='word_1_195' title='bbox 75 1507 254 1558; x_wconf 60' lang='lat' dir='ltr'><strong>&amp;populo</strong></span> <span class='ocrx_word' id='word_1_196' title='bbox 293 1508 464 1545; x_wconf 83' lang='lat' dir='ltr'><strong>Romano</strong></span> <span class='ocrx_word' id='word_1_197' title='bbox 497 1507 633 1559; x_wconf 84' lang='lat' dir='ltr'><strong>quibus</strong></span> <span class='ocrx_word' id='word_1_198' title='bbox 664 1521 738 1545; x_wconf 87' lang='lat' dir='ltr'><strong>non</strong></span> <span class='ocrx_word' id='word_1_199' title='bbox 770 1519 942 1556; x_wconf 70' lang='lat' dir='ltr'><strong>eyerem;</strong></span> <span class='ocrx_word' id='word_1_200' title='bbox 979 1505 1180 1543; x_wconf 69' lang='lat' dir='ltr'><strong>secundum</strong></span> <span class='ocrx_word' id='word_1_201' title='bbox 1209 1518 1253 1541; x_wconf 90' lang='lat' dir='ltr'><strong>ea</strong></span> <span class='ocrx_word' id='word_1_202' title='bbox 1285 1507 1319 1542; x_wconf 87' lang='lat' dir='ltr'><strong>si</strong></span> 
     </span>
     <span class='ocr_line' id='line_1_27' title="bbox 76 1558 1316 1610; baseline -0.002 -13"><span class='ocrx_word' id='word_1_203' title='bbox 76 1561 332 1598; x_wconf 83' lang='lat' dir='ltr'><strong>desideranda</strong></span> <span class='ocrx_word' id='word_1_204' title='bbox 367 1567 492 1606; x_wconf 85' lang='lat' dir='ltr'><strong>erant,</strong></span> <span class='ocrx_word' id='word_1_205' title='bbox 532 1561 592 1597; x_wconf 66' lang='lat' dir='ltr'><strong>uti</strong></span> <span class='ocrx_word' id='word_1_206' title='bbox 631 1561 770 1598; x_wconf 84' lang='lat' dir='ltr'><strong>debitis</strong></span> <span class='ocrx_word' id='word_1_207' title='bbox 807 1565 950 1597; x_wconf 83' lang='lat' dir='ltr'><strong>uterer.</strong></span> <span class='ocrx_word' id='word_1_208' title='bbox 1026 1558 1102 1595; x_wconf 85' lang='lat' dir='ltr'><strong>Sed</strong></span> <span class='ocrx_word' id='word_1_209' title='bbox 1138 1560 1316 1610; x_wconf 82' lang='lat' dir='ltr'><strong>quoniam</strong></span> 
     </span>
     <span class='ocr_line' id='line_1_28' title="bbox 68 1612 1318 1665; baseline -0.002 -15"><span class='ocrx_word' id='word_1_210' title='bbox 68 1614 210 1661; x_wconf 67' lang='lat' dir='ltr'><strong>parum</strong></span> <span class='ocrx_word' id='word_1_211' title='bbox 229 1620 314 1651; x_wconf 87' lang='lat' dir='ltr'><strong>tuta</strong></span> <span class='ocrx_word' id='word_1_212' title='bbox 329 1628 402 1665; x_wconf 83' lang='lat' dir='ltr'><strong>per</strong></span> <span class='ocrx_word' id='word_1_213' title='bbox 422 1627 459 1651; x_wconf 90' lang='lat' dir='ltr'><strong>se</strong></span> <span class='ocrx_word' id='word_1_214' title='bbox 487 1616 570 1663; x_wconf 83' lang='lat' dir='ltr'><strong>ipsa</strong></span> <span class='ocrx_word' id='word_1_215' title='bbox 585 1615 760 1665; x_wconf 81' lang='lat' dir='ltr'><strong>probitas</strong></span> <span class='ocrx_word' id='word_1_216' title='bbox 780 1620 850 1657; x_wconf 80' lang='lat' dir='ltr'><strong>est,</strong></span> <span class='ocrx_word' id='word_1_217' title='bbox 881 1626 1000 1663; x_wconf 83' lang='lat' dir='ltr'><strong>neque</strong></span> <span class='ocrx_word' id='word_1_218' title='bbox 1019 1612 1114 1649; x_wconf 76' lang='lat' dir='ltr'><strong>mihi</strong></span> <span class='ocrx_word' id='word_1_219' title='bbox 1131 1613 1172 1648; x_wconf 86' lang='lat' dir='ltr'><strong>in</strong></span> <span class='ocrx_word' id='word_1_220' title='bbox 1202 1624 1318 1648; x_wconf 85' lang='lat' dir='ltr'><strong>manu</strong></span> 
     </span>
     <span class='ocr_line' id='line_1_29' title="bbox 65 1666 1318 1727; baseline -0.002 -24"><span class='ocrx_word' id='word_1_221' title='bbox 65 1667 171 1714; x_wconf 90' lang='lat' dir='ltr'><strong>fuit,</strong></span> <span class='ocrx_word' id='word_1_222' title='bbox 205 1667 405 1717; x_wconf 73' lang='lat' dir='ltr'><strong>Juyurtlza</strong></span> <span class='ocrx_word' id='word_1_223' title='bbox 442 1668 571 1727; x_wconf 79' lang='lat' dir='ltr'><strong>qualis</strong></span> <span class='ocrx_word' id='word_1_224' title='bbox 594 1668 733 1716; x_wconf 90' lang='lat' dir='ltr'><strong>foret:</strong></span> <span class='ocrx_word' id='word_1_225' title='bbox 771 1668 825 1704; x_wconf 85' lang='lat' dir='ltr'><strong>ad</strong></span> <span class='ocrx_word' id='word_1_226' title='bbox 850 1679 914 1703; x_wconf 88' lang='lat' dir='ltr'><strong>vos</strong></span> <span class='ocrx_word' id='word_1_227' title='bbox 947 1666 1124 1726; x_wconf 49' lang='lat' dir='ltr'><strong>confuyz&#39;,</strong></span> <span class='ocrx_word' id='word_1_228' title='bbox 1157 1666 1211 1703; x_wconf 88' lang='lat' dir='ltr'><strong>P.</strong></span> <span class='ocrx_word' id='word_1_229' title='bbox 1247 1666 1318 1706; x_wconf 84' lang='lat' dir='ltr'><strong><em>C.‚·</em></strong></span> 
     </span>
     <span class='ocr_line' id='line_1_30' title="bbox 77 1718 1318 1771; baseline -0.002 -15"><span class='ocrx_word' id='word_1_230' title='bbox 77 1720 215 1770; x_wconf 81' lang='lat' dir='ltr'><strong>quibus</strong></span> <span class='ocrx_word' id='word_1_231' title='bbox 235 1723 353 1771; x_wconf 78' lang='lat' dir='ltr'><strong>(quod</strong></span> <span class='ocrx_word' id='word_1_232' title='bbox 383 1721 475 1758; x_wconf 65' lang='lat' dir='ltr'><strong>milii</strong></span> <span class='ocrx_word' id='word_1_233' title='bbox 510 1723 775 1758; x_wconf 86' lang='lat' dir='ltr'><strong>miserrumum</strong></span> <span class='ocrx_word' id='word_1_234' title='bbox 812 1721 886 1767; x_wconf 87' lang='lat' dir='ltr'><strong>est)</strong></span> <span class='ocrx_word' id='word_1_235' title='bbox 922 1732 1034 1768; x_wconf 71' lang='lat' dir='ltr'><strong>coyor</strong></span> <span class='ocrx_word' id='word_1_236' title='bbox 1059 1718 1169 1767; x_wconf 85' lang='lat' dir='ltr'><strong>prius</strong></span> <span class='ocrx_word' id='word_1_237' title='bbox 1198 1720 1318 1763; x_wconf 84' lang='lat' dir='ltr'><strong>oneri,</strong></span> 
     </span>
     <span class='ocr_line' id='line_1_31' title="bbox 77 1772 1320 1824; baseline -0.002 -14"><span class='ocrx_word' id='word_1_238' title='bbox 77 1775 190 1823; x_wconf 59' lang='lat' dir='ltr'><strong>quam</strong></span> <span class='ocrx_word' id='word_1_239' title='bbox 209 1774 294 1810; x_wconf 81' lang='lat' dir='ltr'><strong>usui</strong></span> <span class='ocrx_word' id='word_1_240' title='bbox 324 1787 414 1812; x_wconf 77' lang='lat' dir='ltr'><strong>esse.</strong></span> <span class='ocrx_word' id='word_1_241' title='bbox 475 1775 617 1811; x_wconf 81' lang='lat' dir='ltr'><strong>Caeteri</strong></span> <span class='ocrx_word' id='word_1_242' title='bbox 634 1787 755 1824; x_wconf 74' lang='lat' dir='ltr'><strong>reyes,</strong></span> <span class='ocrx_word' id='word_1_243' title='bbox 785 1780 856 1811; x_wconf 85' lang='lat' dir='ltr'><strong>aut</strong></span> <span class='ocrx_word' id='word_1_244' title='bbox 882 1773 979 1810; x_wconf 78' lang='lat' dir='ltr'><strong>bello</strong></span> <span class='ocrx_word' id='word_1_245' title='bbox 1009 1772 1104 1809; x_wconf 83' lang='lat' dir='ltr'><strong>victi</strong></span> <span class='ocrx_word' id='word_1_246' title='bbox 1124 1774 1164 1808; x_wconf 87' lang='lat' dir='ltr'><strong>in</strong></span> <span class='ocrx_word' id='word_1_247' title='bbox 1183 1773 1320 1810; x_wconf 85' lang='lat' dir='ltr'><strong>amici-</strong></span> 
     </span>
     <span class='ocr_line' id='line_1_32' title="bbox 79 1824 1318 1879; baseline -0.001 -16"><span class='ocrx_word' id='word_1_248' title='bbox 79 1828 172 1864; x_wconf 81' lang='lat' dir='ltr'><strong>tiam</strong></span> <span class='ocrx_word' id='word_1_249' title='bbox 192 1842 213 1864; x_wconf 86' lang='grc' dir='ltr'><em>α</em></span> <span class='ocrx_word' id='word_1_250' title='bbox 234 1827 337 1864; x_wconf 85' lang='lat' dir='ltr'><strong>vobis</strong></span> <span class='ocrx_word' id='word_1_251' title='bbox 369 1830 513 1879; x_wconf 79' lang='lat' dir='ltr'><strong>recepti</strong></span> <span class='ocrx_word' id='word_1_252' title='bbox 545 1833 648 1871; x_wconf 84' lang='lat' dir='ltr'><strong>sunt,</strong></span> <span class='ocrx_word' id='word_1_253' title='bbox 675 1833 745 1864; x_wconf 85' lang='lat' dir='ltr'><strong>aut</strong></span> <span class='ocrx_word' id='word_1_254' title='bbox 766 1828 804 1863; x_wconf 88' lang='lat' dir='ltr'><strong>in</strong></span> <span class='ocrx_word' id='word_1_255' title='bbox 825 1827 904 1865; x_wconf 85' lang='lat' dir='ltr'><strong>suis</strong></span> <span class='ocrx_word' id='word_1_256' title='bbox 924 1825 1049 1862; x_wconf 82' lang='lat' dir='ltr'><strong>dubiis</strong></span> <span class='ocrx_word' id='word_1_257' title='bbox 1067 1824 1178 1862; x_wconf 79' lang='lat' dir='ltr'><strong>rebus</strong></span> <span class='ocrx_word' id='word_1_258' title='bbox 1204 1826 1318 1862; x_wconf 81' lang='lat' dir='ltr'><strong>socie-</strong></span> 
     </span>
     <span class='ocr_line' id='line_1_33' title="bbox 79 1880 1321 1932; baseline 0.001 -16"><span class='ocrx_word' id='word_1_259' title='bbox 79 1885 197 1918; x_wconf 83' lang='lat' dir='ltr'><strong>tatem</strong></span> <span class='ocrx_word' id='word_1_260' title='bbox 228 1887 394 1918; x_wconf 83' lang='lat' dir='ltr'><strong>vestram</strong></span> <span class='ocrx_word' id='word_1_261' title='bbox 424 1881 708 1932; x_wconf 80' lang='lat' dir='ltr'><strong>appetiverunt.</strong></span> <span class='ocrx_word' id='word_1_262' title='bbox 773 1880 945 1917; x_wconf 77' lang='lat' dir='ltr'><strong>Familia</strong></span> <span class='ocrx_word' id='word_1_263' title='bbox 977 1885 1107 1916; x_wconf 86' lang='lat' dir='ltr'><strong>nostra</strong></span> <span class='ocrx_word' id='word_1_264' title='bbox 1136 1892 1218 1916; x_wconf 89' lang='lat' dir='ltr'><strong>cum</strong></span> <span class='ocrx_word' id='word_1_265' title='bbox 1249 1892 1321 1927; x_wconf 86' lang='lat' dir='ltr'><strong>po—</strong></span> 
     </span>
     <span class='ocr_line' id='line_1_34' title="bbox 70 1933 1318 1984; baseline -0.002 -14"><span class='ocrx_word' id='word_1_266' title='bbox 70 1934 164 1982; x_wconf 83' lang='lat' dir='ltr'><strong>pulo</strong></span> <span class='ocrx_word' id='word_1_267' title='bbox 187 1935 374 1979; x_wconf 83' lang='lat' dir='ltr'><strong>Romano,</strong></span> <span class='ocrx_word' id='word_1_268' title='bbox 394 1934 490 1972; x_wconf 83' lang='lat' dir='ltr'><strong>bello</strong></span> <span class='ocrx_word' id='word_1_269' title='bbox 525 1934 853 1984; x_wconf 68' lang='lat' dir='ltr'><strong>Carthayiniensi,</strong></span> <span class='ocrx_word' id='word_1_270' title='bbox 884 1933 1097 1970; x_wconf 80' lang='lat' dir='ltr'><strong>amicitiam</strong></span> <span class='ocrx_word' id='word_1_271' title='bbox 1131 1933 1318 1977; x_wconf 77' lang='lat' dir='ltr'><strong>instituit,</strong></span> 
     </span>
     <span class='ocr_line' id='line_1_35' title="bbox 78 1986 1318 2039; baseline 0 -16"><span class='ocrx_word' id='word_1_272' title='bbox 78 2000 152 2037; x_wconf 84' lang='lat' dir='ltr'><strong>quo</strong></span> <span class='ocrx_word' id='word_1_273' title='bbox 173 1994 336 2039; x_wconf 86' lang='lat' dir='ltr'><strong>tempore</strong></span> <span class='ocrx_word' id='word_1_274' title='bbox 355 1988 590 2037; x_wconf 64' lang='lat' dir='ltr'><strong>mayisfldes</strong></span> <span class='ocrx_word' id='word_1_275' title='bbox 609 1987 690 2036; x_wconf 82' lang='lat' dir='ltr'><strong>ejus</strong></span> <span class='ocrx_word' id='word_1_276' title='bbox 712 1987 1006 2038; x_wconf 60' lang='lat' dir='ltr'><strong>quamsortuna</strong></span> <span class='ocrx_word' id='word_1_277' title='bbox 1022 1986 1199 2036; x_wconf 83' lang='lat' dir='ltr'><strong>pedenda</strong></span> <span class='ocrx_word' id='word_1_278' title='bbox 1218 1992 1318 2023; x_wconf 85' lang='lat' dir='ltr'><strong>erat.</strong></span> 
     </span>
     <span class='ocr_line' id='line_1_36' title="bbox 84 2040 1320 2092; baseline -0.002 -14"><span class='ocrx_word' id='word_1_279' title='bbox 84 2041 252 2084; x_wconf 77' lang='lat' dir='ltr'><strong>Quorum</strong></span> <span class='ocrx_word' id='word_1_280' title='bbox 279 2042 498 2092; x_wconf 62' lang='lat' dir='ltr'><strong>progeniem</strong></span> <span class='ocrx_word' id='word_1_281' title='bbox 519 2054 597 2086; x_wconf 82' lang='lat' dir='ltr'><strong>vos,</strong></span> <span class='ocrx_word' id='word_1_282' title='bbox 620 2041 668 2076; x_wconf 89' lang='lat' dir='ltr'><strong>P.</strong></span> <span class='ocrx_word' id='word_1_283' title='bbox 697 2042 756 2085; x_wconf 86' lang='lat' dir='ltr'><strong>C.‚</strong></span> <span class='ocrx_word' id='word_1_284' title='bbox 788 2040 906 2077; x_wconf 81' lang='lat' dir='ltr'><strong>nolite</strong></span> <span class='ocrx_word' id='word_1_285' title='bbox 929 2040 1019 2090; x_wconf 85' lang='lat' dir='ltr'><strong>pati</strong></span> <span class='ocrx_word' id='word_1_286' title='bbox 1047 2051 1118 2084; x_wconf 87' lang='lat' dir='ltr'><strong>me,</strong></span> <span class='ocrx_word' id='word_1_287' title='bbox 1150 2045 1320 2087; x_wconf 78' lang='lat' dir='ltr'><strong>nepotem</strong></span> 
     </span>
     <span class='ocr_line' id='line_1_37' title="bbox 81 2092 1321 2142; baseline 0.001 -13"><span class='ocrx_word' id='word_1_288' title='bbox 81 2093 311 2139; x_wconf 72' lang='lat' dir='ltr'><strong>Masinissae,</strong></span> <span class='ocrx_word' id='word_1_289' title='bbox 353 2095 512 2142; x_wconf 65' lang='lat' dir='ltr'><strong>frustra?</strong></span> <span class='ocrx_word' id='word_1_290' title='bbox 549 2096 570 2131; x_wconf 80' lang='grc' dir='ltr'><strong>(ὶ</strong></span> <span class='ocrx_word' id='word_1_291' title='bbox 616 2094 719 2131; x_wconf 86' lang='lat' dir='ltr'><strong>vobis</strong></span> <span class='ocrx_word' id='word_1_292' title='bbox 755 2093 945 2130; x_wconf 73' lang='lat' dir='ltr'><strong>auxiliam</strong></span> <span class='ocrx_word' id='word_1_293' title='bbox 972 2098 1115 2142; x_wconf 85' lang='lat' dir='ltr'><strong>petere.</strong></span> <span class='ocrx_word' id='word_1_294' title='bbox 1189 2092 1232 2129; x_wconf 87' lang='lat' dir='ltr'><strong>Si</strong></span> <span class='ocrx_word' id='word_1_295' title='bbox 1267 2094 1321 2130; x_wconf 86' lang='lat' dir='ltr'><strong>ad</strong></span> 
     </span>
     <span class='ocr_line' id='line_1_38' title="bbox 81 2147 1319 2197; baseline 0.001 -16"><span class='ocrx_word' id='word_1_296' title='bbox 81 2148 358 2195; x_wconf 84' lang='lat' dir='ltr'><strong>impetrandum</strong></span> <span class='ocrx_word' id='word_1_297' title='bbox 390 2147 490 2183; x_wconf 81' lang='lat' dir='ltr'><strong>nihil</strong></span> <span class='ocrx_word' id='word_1_298' title='bbox 515 2160 637 2184; x_wconf 82' lang='lat' dir='ltr'><strong>causae</strong></span> <span class='ocrx_word' id='word_1_299' title='bbox 671 2147 861 2190; x_wconf 78' lang='lat' dir='ltr'><strong>haberem,</strong></span> <span class='ocrx_word' id='word_1_300' title='bbox 890 2151 1034 2197; x_wconf 79' lang='lat' dir='ltr'><strong>proeter</strong></span> <span class='ocrx_word' id='word_1_301' title='bbox 1063 2147 1319 2182; x_wconf 83' lang='lat' dir='ltr'><strong>miserandam</strong></span> 
     </span>
     <span class='ocr_line' id='line_1_39' title="bbox 71 2198 1319 2251; baseline -0.001 -15"><span class='ocrx_word' id='word_1_302' title='bbox 71 2199 304 2248; x_wconf 77' lang='lat' dir='ltr'><strong>fortunam.-</strong></span> <span class='ocrx_word' id='word_1_303' title='bbox 342 2201 442 2251; x_wconf 73' lang='lat' dir='ltr'><strong>quod</strong></span> <span class='ocrx_word' id='word_1_304' title='bbox 465 2201 584 2248; x_wconf 65' lang='lat' dir='ltr'><strong>pauli)</strong></span> <span class='ocrx_word' id='word_1_305' title='bbox 609 2201 698 2237; x_wconf 65' lang='lat' dir='ltr'><strong>ante}</strong></span> <span class='ocrx_word' id='word_1_306' title='bbox 737 2213 817 2246; x_wconf 68' lang='lat' dir='ltr'><strong>rex,</strong></span> <span class='ocrx_word' id='word_1_307' title='bbox 849 2212 1000 2249; x_wconf 76' lang='lat' dir='ltr'><strong>yenere,</strong></span> <span class='ocrx_word' id='word_1_308' title='bbox 1032 2198 1163 2247; x_wconf 70' lang='lat' dir='ltr'><strong>famei,</strong></span> <span class='ocrx_word' id='word_1_309' title='bbox 1201 2205 1319 2249; x_wconf 83' lang='lat' dir='ltr'><strong>atque</strong></span> 
     </span>
     <span class='ocr_line' id='line_1_40' title="bbox 79 2252 1319 2304; baseline 0.002 -16"><span class='ocrx_word' id='word_1_310' title='bbox 79 2255 198 2303; x_wconf 80' lang='lat' dir='ltr'><strong>1:0piz&#39;s</strong></span> <span class='ocrx_word' id='word_1_311' title='bbox 231 2261 378 2304; x_wconf 86' lang='lat' dir='ltr'><strong>potens,</strong></span> <span class='ocrx_word' id='word_1_312' title='bbox 411 2267 509 2291; x_wconf 83' lang='lat' dir='ltr'><strong>nunc</strong></span> <span class='ocrx_word' id='word_1_313' title='bbox 529 2255 768 2302; x_wconf 78' lang='lat' dir='ltr'><strong>deformatus</strong></span> <span class='ocrx_word' id='word_1_314' title='bbox 805 2255 997 2296; x_wconf 85' lang='lat' dir='ltr'><strong>aerumnis,</strong></span> <span class='ocrx_word' id='word_1_315' title='bbox 1030 2254 1150 2300; x_wconf 85' lang='lat' dir='ltr'><strong>inops,</strong></span> <span class='ocrx_word' id='word_1_316' title='bbox 1171 2252 1319 2290; x_wconf 84' lang='lat' dir='ltr'><strong>alienas</strong></span> 
     </span>
     <span class='ocr_line' id='line_1_41' title="bbox 81 2305 1320 2358; baseline -0.001 -16"><span class='ocrx_word' id='word_1_317' title='bbox 81 2318 165 2354; x_wconf 86' lang='lat' dir='ltr'><strong>opes</strong></span> <span class='ocrx_word' id='word_1_318' title='bbox 201 2314 400 2358; x_wconf 67' lang='lat' dir='ltr'><strong>eaespecto:</strong></span> <span class='ocrx_word' id='word_1_319' title='bbox 442 2313 568 2344; x_wconf 81' lang='lat' dir='ltr'><strong>tamen</strong></span> <span class='ocrx_word' id='word_1_320' title='bbox 606 2313 687 2343; x_wconf 84' lang='lat' dir='ltr'><strong>erat</strong></span> <span class='ocrx_word' id='word_1_321' title='bbox 726 2306 943 2354; x_wconf 83' lang='lat' dir='ltr'><strong>majestatis</strong></span> <span class='ocrx_word' id='word_1_322' title='bbox 988 2306 1121 2355; x_wconf 87' lang='lat' dir='ltr'><strong>populi</strong></span> <span class='ocrx_word' id='word_1_323' title='bbox 1155 2305 1320 2342; x_wconf 80' lang='lat' dir='ltr'><strong>Romam·</strong></span> 
     </span>
     <span class='ocr_line' id='line_1_42' title="bbox 73 2359 1319 2411; baseline -0.003 -13"><span class='ocrx_word' id='word_1_324' title='bbox 73 2359 274 2411; x_wconf 77' lang='lat' dir='ltr'><strong>prohibere</strong></span> <span class='ocrx_word' id='word_1_325' title='bbox 307 2361 514 2410; x_wconf 62' lang='lat' dir='ltr'><strong>injuriam</strong></span> <span class='ocrx_word' id='word_1_326' title='bbox 547 2373 665 2410; x_wconf 80' lang='lat' dir='ltr'><strong>neque</strong></span> <span class='ocrx_word' id='word_1_327' title='bbox 689 2361 779 2411; x_wconf 86' lang='lat' dir='ltr'><strong>pati</strong></span> <span class='ocrx_word' id='word_1_328' title='bbox 811 2360 1038 2411; x_wconf 81' lang='lat' dir='ltr'><strong>cujusquam</strong></span> <span class='ocrx_word' id='word_1_329' title='bbox 1064 2371 1223 2409; x_wconf 75' lang='lat' dir='ltr'><strong>reqnum</strong></span> <span class='ocrx_word' id='word_1_330' title='bbox 1247 2372 1319 2409; x_wconf 87' lang='lat' dir='ltr'><strong>per</strong></span> 
     </span>
    </p>
   </div>
  </div>
 </body>
</html>
