1492 2531
169 138 221 174 4⁶2
648 136 930 175 SALLUSTII

167 241 239 277 tuit
274 240 404 289 quovis
434 241 543 277 modo
579 241 766 293 inceptum
802 242 992 288 perficere.
1047 240 1172 278 Primo
1210 248 1405 290 conventu,

168 307 279 344 quem
312 295 358 330 ab
395 294 531 343 regulis
563 295 701 332 factum
744 295 858 346 supra
894 296 1109 341 memoravi,
1144 302 1296 345 propter
1332 297 1405 333 dis--

168 349 377 384 sensionem
414 347 602 395 placuerat
646 349 761 386 dividi
805 350 1011 392 thesauros,
1054 347 1215 398 finisque
1260 350 1405 398 imperii

167 400 325 450 singulis
345 401 529 438 constitui.
586 402 717 452 Itaque
733 403 780 439 ad
799 409 990 451 utramque
1010 415 1087 438 rem
1105 408 1250 451 tempus
1270 403 1405 439 discer-

168 455 279 497 nitur,
309 454 375 490 sed
403 455 579 491 maturius
609 457 657 492 ad
690 456 882 504 pecuniam
915 456 1216 492 distribuendam.
1269 456 1405 505 Reguli

167 506 308 544 interea
334 508 371 543 in
397 507 479 544 loca
504 509 713 558 propinqua
738 509 920 545 thesauris
945 509 1037 545 alius
1071 506 1142 545 alio
1171 510 1403 547 concessere.

167 559 242 597 Sed
271 560 464 609 Hiempsal
483 562 518 597 in
539 563 676 611 oppido
695 562 886 599 Thirmida.
912 561 1005 598 forte
1032 562 1112 612 ejus
1135 563 1310 599 utebatur
1337 563 1404 598 do-

168 627 242 657 mo,
268 615 344 662 qui,
367 628 570 663 proxumus
594 616 700 652 lictor
730 615 934 665 Jugurthae,
965 628 1072 651 carus
1096 620 1345 664 acceptusque
1371 616 1404 653 ei

168 681 314 716 semper
331 668 470 704 fuerat:
500 683 611 718 quem
630 669 688 705 ille
707 682 794 705 casu
810 670 1014 705 ministrum
1034 667 1198 705 oblatum
1215 669 1404 717 promissis

168 727 307 767 onerat,
338 721 583 772 impellitque,
628 721 695 768 uti,
730 729 918 773 tamquam
955 735 1058 758 suam
1094 722 1245 758 domum
1280 722 1404 759 visens

167 781 238 817 eat,
276 782 465 824 portarum
501 775 625 813 claves
661 776 886 813 adulterinas
929 781 1058 825 paret3
1103 788 1189 811 nam
1224 788 1322 812 verae
1356 776 1404 812 ad

167 828 422 877 Hiempsalem
459 829 736 866 reserebantur:
776 826 965 874 caeterum,
1000 828 1064 864 ubi
1093 842 1152 865 res
1185 828 1404 878 postularet,

168 882 333 930 seipsum
364 895 450 918 cum
478 884 614 931 magna
632 889 829 919 venturum
860 895 982 919 mann.
1035 881 1202 919 Numida
1230 883 1403 918 mandata

166 934 273 972 brevi
315 935 481 973 conficit:
524 943 648 985 atque,
681 936 734 973 uti
771 937 901 973 doctus
937 940 1027 979 erat,
1061 940 1172 972 noctu
1209 934 1403 984 Jugurthae

166 987 302 1024 milites
346 989 558 1026 introducit.
631 989 718 1035 Qui,
762 988 961 1040 postquam
996 988 1034 1024 in
1079 989 1178 1026 aedes
1224 986 1404 1038 irrupere,

166 1042 302 1078 diversi
328 1055 453 1091 regem
473 1056 662 1092 quaerere;
690 1042 905 1080 dormientis
929 1042 1033 1086 alios,
1054 1042 1146 1079 alios
1172 1041 1402 1078 occursantis

165 1095 391 1141 interficere3
418 1097 573 1132 scrutari
608 1096 691 1132 loca
727 1097 877 1140 abdita;
908 1095 1033 1132 clausa
1068 1095 1285 1145 effringere3
1314 1101 1404 1132 stre—

166 1149 244 1196 pitu
278 1154 314 1184 et
350 1149 505 1185 tumultu
543 1150 666 1185 onmia
700 1150 881 1193 miscere3
912 1148 996 1185 cum
1028 1147 1175 1185 interim
1205 1148 1404 1196 Hiempsal

167 1202 360 1250 reperitur,
381 1202 570 1239 occultans
591 1217 630 1240 se
649 1204 798 1253 tugurio
817 1202 980 1239 mulieris
1009 1201 1166 1248 ancillae,
1184 1199 1260 1252 quo
1285 1202 1403 1246 initio,

164 1255 321 1304 pavidus
340 1260 376 1292 et
394 1256 544 1305 ignarus
572 1255 656 1302 loci,
689 1257 915 1306 profugerat.
971 1254 1147 1292 Numidae
1176 1261 1290 1305 caput
1309 1256 1403 1306 ejus,

162 1307 217 1346 uti
232 1309 329 1358 jussi
347 1315 464 1353 erant,
484 1310 531 1345 ad
548 1310 772 1359 Jugurtham
791 1310 963 1346 referunt.

217 1362 402 1399 Caeterum
422 1363 519 1399 sama
544 1363 633 1399 tanti
663 1363 834 1399 facinoris
864 1375 931 1412 per
961 1375 1106 1399 omnem
1125 1361 1292 1398 Africam
1321 1362 1399 1398 bre-

161 1415 198 1451 vi
233 1415 463 1465 divulgatur:
495 1416 748 1460 Affierbalem,
783 1415 993 1465 omnisque,
1028 1415 1091 1464 qui
1124 1416 1195 1451 sub
1229 1413 1403 1465 Micipsae

161 1470 314 1518 imperio
341 1469 500 1509 fuerant,
520 1477 639 1505 metus
662 1469 813 1506 invadit.
868 1468 913 1505 In
942 1470 1036 1505 duas
1065 1466 1181 1518 partis
1209 1468 1403 1505 discedunt

161 1522 358 1559 Numidae:
389 1522 513 1572 plures
544 1522 797 1566 Atherbalem,
836 1528 1054 1573 sequuntur,
1083 1522 1148 1558 sed
1180 1520 1283 1558 illum
1314 1521 1404 1558 alte-

161 1590 241 1614 rum
276 1576 372 1612 bello
410 1577 592 1613 meliores.
663 1576 782 1624 Igitur
827 1575 1013 1626 Jugurtha
1055 1588 1169 1625 quam
1210 1588 1403 1611 maxumas

161 1636 284 1678 potest
313 1630 438 1679 copias
468 1637 608 1666 armat:
639 1629 742 1666 urbis
767 1627 903 1679 partim
927 1629 976 1671 vi,
1009 1628 1100 1665 alias
1120 1627 1350 1671 voluntate,
1341 1641 1403 1664 1m-

161 1684 264 1732 perio
312 1697 379 1719 suo
432 1683 628 1733 adjungit:
685 1684 784 1720 omni
830 1682 1020 1719 Numidiae
1060 1682 1241 1732 imperare
1286 1687 1403 1731 parat.

161 1736 355 1783 Atherbal,
383 1737 530 1773 tametsi
567 1737 725 1773 Romam
761 1736 902 1785 legatos
937 1736 1099 1780 miserat,
1137 1735 1201 1785 qui
1235 1740 1402 1771 senatum

162 1791 338 1827 docerent
370 1791 414 1826 de
445 1791 546 1826 caede
576 1790 696 1826 fratris
725 1794 761 1825 et
790 1789 944 1826 fortunis
981 1789 1085 1835 suis3
1114 1794 1252 1832 tamen,
1287 1789 1401 1824 fretus

161 1843 392 1880 multitudine
426 1843 597 1889 militum,
626 1844 780 1892 parabat
810 1843 919 1879 armis
950 1842 1184 1879 contendere.
1238 1840 1314 1878 Sed
1338 1841 1402 1891 ubi

161 1910 219 1933 res
248 1897 295 1932 ad
329 1902 513 1933 certamen
536 1899 648 1941 venit,
675 1897 794 1932 victus
824 1909 871 1932 ex
905 1896 1028 1945 praelio
1057 1895 1223 1945 profugit
1250 1894 1288 1930 in
1319 1908 1403 1944 pro-

162 1950 332 1995 vinciam,
366 1963 408 1986 ac
445 1950 576 1987 dehinc
615 1951 774 1986 Romam
808 1949 1007 1986 contendit.
1071 1949 1169 1986 Tum
1203 1947 1402 1998 Jugurtha,

161 2003 312 2054 patratis
343 2003 519 2046 consiliis,
550 2002 751 2062 postquam
781 2003 879 2039 omni
906 2002 1087 2039 Numidia
1110 2001 1335 2052 potiebatur,
1362 2001 1400 2037 in

162 2057 236 2093 otio
263 2056 406 2093 facinus
437 2070 548 2093 suum
575 2071 660 2093 cum
689 2070 810 2092 animo
836 2061 1028 2105 reputans,
1063 2056 1190 2092 timere
1218 2053 1401 2114 populum

163 2109 390 2153 Romanum;
430 2124 550 2158 neque
581 2109 767 2147 advorsus
803 2109 897 2146 iram
934 2110 1013 2161 ejus
1050 2121 1221 2158 usquam,
1256 2107 1328 2144 nisi
1361 2108 1400 2144 in

162 2164 313 2200 avaritia
338 2163 553 2207 nobilitatis,
584 2169 620 2200 et
644 2163 804 2212 pecunia
829 2163 911 2208 sua,
930 2176 1034 2212 spem
1059 2162 1205 2199 habere.
1253 2161 1400 2211 Itaque,

161 2217 291 2265 paucis
308 2217 453 2260 diebus,
474 2230 558 2252 cum
576 2229 666 2253 auro
695 2222 921 2279 argentoque
947 2216 1061 2252 multo
1080 2215 1222 2264 legatos
1242 2214 1399 2251 Romam

162 2271 297 2307 mittit:
329 2267 412 2320 quis
445 2270 626 2319 praecipit,
657 2268 709 2306 uti
743 2269 903 2319 primum
931 2275 1076 2306 veteres
1105 2267 1246 2305 amicos
1274 2280 1400 2304 mune-

162 2325 263 2359 ribus
302 2322 486 2374 expleant,
527 2323 611 2359 dein
648 2336 765 2359 novos
796 2322 1012 2372 acquirant:
1048 2319 1239 2372 postremo
1274 2333 1400 2371 quem-

163 2389 310 2427 cunque
359 2377 502 2427 possint
547 2376 743 2426 largiundo
781 2389 925 2427 parare,
957 2389 1004 2413 ne
1033 2380 1264 2412 cunctentur.
1321 2374 1398 2411 Sed
