1492 2531
413 315 456 354 C.
489 315 632 355 SALL
640 315 797 356 USTII
825 316 1022 357 CRISPI

451 449 932 519 CATILINA
957 477 976 533 3

685 622 743 644 SR!

288 734 562 776 BELLUM
613 735 1135 777 CATILINARIUM.

96 1033 308 1113 OMNIS
344 1033 524 1079 homines,
560 1033 625 1083 qui
660 1047 743 1071 sese
780 1033 931 1070 student
966 1038 1144 1082 praestare
1182 1036 1326 1073 caeteris

178 1087 411 1133 animalibus,
446 1088 590 1124 summa
617 1100 687 1137 ope
716 1087 782 1124 niti
811 1087 933 1130 decet,
961 1100 1006 1123 ne
1036 1088 1148 1124 vitam
1180 1089 1327 1127 silentio

92 1147 295 1187 transeant,
324 1140 438 1177 veluti
467 1154 625 1190 pecora3
654 1154 739 1189 quae
759 1146 890 1177 natura
918 1153 1035 1188 prona
1066 1146 1177 1191 atque
1207 1144 1326 1180 ventri

92 1195 304 1233 obedientia
321 1194 438 1231 finxit.
493 1194 569 1230 Sed
587 1199 714 1230 nostra
744 1194 862 1230 omnis
891 1193 947 1230 vis
970 1193 1007 1229 in
1038 1195 1160 1231 animo
1181 1201 1217 1233 et
1242 1209 1326 1233 cor-

91 1262 180 1298 pore
217 1248 286 1284 sita
320 1252 387 1284 est.
441 1245 568 1283 Animi
606 1246 775 1295 imperio,
818 1248 983 1295 corporis
1019 1248 1169 1285 servitio
1205 1250 1326 1300 magis

91 1303 250 1338 utimur:
293 1300 451 1337 alterum
490 1300 598 1337 nobis
628 1314 712 1336 curn
753 1299 824 1346 dis,
861 1299 1019 1336 alterum
1055 1315 1139 1337 cum
1175 1302 1325 1349 belluis,

90 1368 283 1392 commune
320 1359 387 1391 est.
441 1352 526 1397 Qu&
556 1352 645 1389 mihi
673 1353 811 1391 rectius
845 1353 1004 1400 videtur,
1034 1353 1174 1404 ingenii
1210 1356 1323 1405 quam

89 1409 222 1445 virium
250 1407 384 1456 opibus
416 1406 571 1456 gloriam
607 1420 800 1456 quaerere3
837 1412 888 1453 et,
915 1407 1089 1457 quoniam
1121 1408 1197 1445 vita
1227 1410 1323 1459 ipsa,

88 1460 164 1511 qua
180 1461 347 1505 fruimur,
376 1461 498 1497 brevis
518 1466 586 1506 est,
614 1460 826 1497 memoriam
857 1459 975 1497 nostri
1004 1459 1118 1510 quitm
1147 1463 1323 1500 maxume

88 1514 237 1565 longam
266 1514 423 1551 efficere.
475 1513 575 1550 Nam
604 1514 813 1550 divitiarum
836 1519 874 1551 et
909 1514 1038 1551 formae
1072 1514 1193 1564 gloria
1221 1516 1323 1554 fluxa

88 1576 198 1618 atque
217 1567 358 1618 fragilis
391 1563 471 1612 est3
499 1567 616 1604 virtus
653 1567 753 1603 clara
780 1573 995 1617 aeternaque
1024 1567 1190 1605 habetur.
1245 1570 1322 1607 Sed

88 1621 152 1658 diu
179 1634 355 1671 magnum
383 1621 477 1658 inter
506 1618 672 1657 mortalis
705 1625 891 1658 certamen
916 1621 997 1660 fuit,
1026 1622 1111 1658 vine
1141 1623 1321 1672 corporis,

87 1688 134 1711 an
162 1675 296 1712 virtute
324 1674 451 1718 animi,
488 1688 548 1711 res
579 1673 749 1711 militaris
785 1674 904 1724 magis
936 1676 1165 1724 procederet.
1220 1676 1320 1713 Nam

86 1733 124 1764 et
156 1726 274 1776 prius,
308 1726 421 1777 quam
451 1727 622 1777 incipias,
650 1727 821 1765 consulto
835 1742 849 1774 ;⁴
886 1733 936 1774 et,
978 1729 1042 1765 ubi
1075 1728 1320 1777 consulueris,

85 1780 228 1818 mature
262 1781 360 1818 faeto
397 1794 490 1830 opus
527 1786 592 1818 est.
646 1781 704 1818 Ita
721 1786 935 1831 utrumque,
963 1795 1031 1830 per
1058 1795 1098 1819 se
1130 1782 1317 1832 indigens,

85 1834 241 1871 alterum
264 1834 415 1871 alterius
444 1834 581 1871 auxilio
613 1839 709 1884 eget.
762 1834 883 1885 Igitur
899 1834 1003 1871 initio
1032 1849 1138 1885 reges
1158 1834 1258 1884 (nam
1279 1837 1317 1873 in

85 1889 191 1925 terris
219 1901 352 1925 nomen
382 1888 524 1937 imperii
549 1888 585 1924 id
620 1888 777 1936 primum
810 1888 896 1935 fuit)
917 1888 1067 1933 diversi,
1095 1902 1181 1938 pars
1211 1889 1316 1940 inge-

84 1940 198 1985 nium,
226 1941 289 1977 alii
318 1954 468 1990 corpus,
493 1942 729 1978 exercebant.
784 1942 905 1978 Etiam
933 1947 1011 1978 tum
1032 1941 1108 1979 vita
1125 1942 1316 1980 hominum

84 1994 165 2031 sine
194 1994 394 2044 eupiditate
425 1994 657 2044 agitabatur:
699 2009 767 2032 sua
794 1995 930 2045 cuique
962 1993 1055 2031 satis
1101 1995 1315 2045 placebant.

83 2045 220 2084 Postea
254 2048 344 2085 verd
380 2047 493 2097 quam
527 2048 562 2084 in
599 2046 691 2084 Asia
728 2049 863 2098 CyruS,
891 2049 929 2085 in
958 2047 1108 2085 Graecia
1136 2048 1316 2087 Lacedae-

83 2100 196 2137 monii
221 2106 257 2137 et
289 2100 538 2138 Athenienses
572 2099 717 2151 coepere
747 2103 859 2139 urbes
890 2107 1003 2151 atque
1027 2102 1196 2139 nationes
1229 2104 1315 2140 sub-

82 2152 205 2203 igere;
234 2153 441 2191 lubidinem
467 2153 691 2198 dominandi,
716 2169 867 2192 causam
894 2154 985 2192 belli
1004 2155 1160 2202 habere3
1188 2169 1316 2193 maxu-

83 2219 178 2243 mam
214 2207 370 2257 gloriam
398 2208 437 2244 in
467 2220 640 2245 maxumo
674 2208 830 2258 imperio
866 2214 1017 2258 putare:
1052 2214 1129 2245 tum
1166 2209 1313 2248 demum

82 2260 269 2306 periculis,
296 2266 409 2310 atque
428 2260 587 2311 negotiis
604 2267 832 2311 compertum
852 2267 922 2308 est,
940 2262 978 2298 in
995 2261 1095 2299 bello
1114 2261 1313 2311 plurimum

82 2312 268 2362 ingenium
318 2327 439 2364 posse.
498 2312 611 2358 Qubd
651 2314 682 2351 si
718 2329 848 2365 regum
890 2320 1001 2365 atque
1048 2315 1312 2364 imperatorum

81 2366 179 2403 anim
210 2367 325 2405 virtus
348 2368 385 2404 in
410 2381 501 2418 pace
530 2368 594 2413 ita,
614 2366 667 2404 uti
695 2368 733 2405 in
765 2369 879 2415 bello,
905 2368 1061 2414 valeret,
1091 2369 1312 2418 aequabilius

689 2433 710 2458 Β
