<?xml version="1.0" encoding="UTF-8"?>
<!DOCTYPE html PUBLIC "-//W3C//DTD XHTML 1.0 Transitional//EN"
    "http://www.w3.org/TR/xhtml1/DTD/xhtml1-transitional.dtd">
<html xmlns="http://www.w3.org/1999/xhtml" xml:lang="en" lang="en">
 <head>
  <title>
</title>
<meta http-equiv="Content-Type" content="text/html;charset=utf-8" />
  <meta name='ocr-system' content='tesseract 3.04.00' />
  <meta name='ocr-capabilities' content='ocr_page ocr_carea ocr_par ocr_line ocrx_word'/>
</head>
<body>
  <div class='ocr_page' id='page_1' title='image "./quaeextant00salluoft_0178.png"; bbox 0 0 1492 2531; ppageno 0'>
   <div class='ocr_carea' id='block_1_1' title="bbox 124 74 958 113">
    <p class='ocr_par' dir='ltr' id='par_1_1' title="bbox 124 74 958 113">
     <span class='ocr_line' id='line_1_1' title="bbox 124 74 958 113; baseline 0.002 -2"><span class='ocrx_word' id='word_1_1' title='bbox 124 74 195 112; x_wconf 87' lang='lat'>156</span> <span class='ocrx_word' id='word_1_2' title='bbox 504 75 577 113; x_wconf 80' lang='lat' dir='ltr'>AD</span> <span class='ocrx_word' id='word_1_3' title='bbox 615 75 656 113; x_wconf 83' lang='lat' dir='ltr'>C.</span> <span class='ocrx_word' id='word_1_4' title='bbox 693 74 958 113; x_wconf 86' lang='lat' dir='ltr'><strong>CAESAREM</strong></span> 
     </span>
    </p>
   </div>
   <div class='ocr_carea' id='block_1_2' title="bbox 112 175 1348 2365">
    <p class='ocr_par' dir='ltr' id='par_1_2' title="bbox 112 175 1348 2365">
     <span class='ocr_line' id='line_1_2' title="bbox 126 175 1345 228; baseline -0.003 -13"><span class='ocrx_word' id='word_1_5' title='bbox 126 177 235 228; x_wconf 70' lang='lat' dir='ltr'>quam</span> <span class='ocrx_word' id='word_1_6' title='bbox 254 178 361 215; x_wconf 92' lang='lat' dir='ltr'>bonis</span> <span class='ocrx_word' id='word_1_7' title='bbox 380 178 533 228; x_wconf 74' lang='lat' dir='ltr'>proeliis,</span> <span class='ocrx_word' id='word_1_8' title='bbox 552 184 694 227; x_wconf 83' lang='lat' dir='ltr'>patrata</span> <span class='ocrx_word' id='word_1_9' title='bbox 712 184 808 215; x_wconf 80' lang='lat' dir='ltr'>sunt.</span> <span class='ocrx_word' id='word_1_10' title='bbox 865 178 1013 226; x_wconf 82' lang='lat' dir='ltr'>Quippe</span> <span class='ocrx_word' id='word_1_11' title='bbox 1045 176 1144 225; x_wconf 89' lang='lat' dir='ltr'>apud</span> <span class='ocrx_word' id='word_1_12' title='bbox 1169 175 1252 212; x_wconf 87' lang='lat' dir='ltr'>illos</span> <span class='ocrx_word' id='word_1_13' title='bbox 1272 188 1345 212; x_wconf 86' lang='lat' dir='ltr'>una</span> 
     </span>
     <span class='ocr_line' id='line_1_3' title="bbox 124 230 1346 281; baseline -0.002 -13"><span class='ocrx_word' id='word_1_14' title='bbox 124 231 334 281; x_wconf 81' lang='lat' dir='ltr'>respublica</span> <span class='ocrx_word' id='word_1_15' title='bbox 368 237 467 277; x_wconf 72' lang='lat' dir='ltr'>erat,</span> <span class='ocrx_word' id='word_1_16' title='bbox 511 232 544 268; x_wconf 87' lang='lat' dir='ltr'>ei</span> <span class='ocrx_word' id='word_1_17' title='bbox 579 246 706 269; x_wconf 90' lang='lat' dir='ltr'>omnes</span> <span class='ocrx_word' id='word_1_18' title='bbox 752 232 1014 268; x_wconf 83' lang='lat' dir='ltr'>consulebant:</span> <span class='ocrx_word' id='word_1_19' title='bbox 1063 230 1171 266; x_wconf 81' lang='lat' dir='ltr'>factio</span> <span class='ocrx_word' id='word_1_20' title='bbox 1218 234 1346 266; x_wconf 83' lang='lat' dir='ltr'>contra</span> 
     </span>
     <span class='ocr_line' id='line_1_4' title="bbox 127 282 1345 334; baseline -0.003 -12"><span class='ocrx_word' id='word_1_21' title='bbox 127 286 250 322; x_wconf 87' lang='lat' dir='ltr'>hostes</span> <span class='ocrx_word' id='word_1_22' title='bbox 285 286 503 334; x_wconf 84' lang='lat' dir='ltr'>parabatur:</span> <span class='ocrx_word' id='word_1_23' title='bbox 551 299 684 334; x_wconf 81' lang='lat' dir='ltr'>corpus</span> <span class='ocrx_word' id='word_1_24' title='bbox 729 290 837 333; x_wconf 89' lang='lat' dir='ltr'>atque</span> <span class='ocrx_word' id='word_1_25' title='bbox 867 284 1069 334; x_wconf 74' lang='lat' dir='ltr'>ingenium,</span> <span class='ocrx_word' id='word_1_26' title='bbox 1097 282 1239 332; x_wconf 81' lang='lat' dir='ltr'>patriae,</span> <span class='ocrx_word' id='word_1_27' title='bbox 1271 296 1345 319; x_wconf 90' lang='lat' dir='ltr'>non</span> 
     </span>
     <span class='ocr_line' id='line_1_5' title="bbox 126 336 1345 388; baseline -0.002 -13"><span class='ocrx_word' id='word_1_28' title='bbox 126 352 204 375; x_wconf 86' lang='lat' dir='ltr'>suae</span> <span class='ocrx_word' id='word_1_29' title='bbox 239 339 396 388; x_wconf 90' lang='lat' dir='ltr'>quisque</span> <span class='ocrx_word' id='word_1_30' title='bbox 442 339 626 386; x_wconf 81' lang='lat' dir='ltr'>potentiae,</span> <span class='ocrx_word' id='word_1_31' title='bbox 670 339 906 375; x_wconf 86' lang='lat' dir='ltr'>exercitabat.</span> <span class='ocrx_word' id='word_1_32' title='bbox 975 336 1028 373; x_wconf 91' lang='lat' dir='ltr'>At</span> <span class='ocrx_word' id='word_1_33' title='bbox 1070 337 1137 373; x_wconf 87' lang='lat' dir='ltr'>hoc</span> <span class='ocrx_word' id='word_1_34' title='bbox 1182 342 1345 384; x_wconf 86' lang='lat' dir='ltr'>tempore</span> 
     </span>
     <span class='ocr_line' id='line_1_6' title="bbox 125 390 1344 441; baseline -0.002 -13"><span class='ocrx_word' id='word_1_35' title='bbox 125 391 251 428; x_wconf 70' lang='lat' dir='ltr'>contra</span> <span class='ocrx_word' id='word_1_36' title='bbox 282 392 445 428; x_wconf 90' lang='lat' dir='ltr'>homines</span> <span class='ocrx_word' id='word_1_37' title='bbox 477 391 633 437; x_wconf 89' lang='lat' dir='ltr'>nobiles,</span> <span class='ocrx_word' id='word_1_38' title='bbox 664 405 820 441; x_wconf 90' lang='lat' dir='ltr'>quorum</span> <span class='ocrx_word' id='word_1_39' title='bbox 855 391 994 427; x_wconf 89' lang='lat' dir='ltr'>animos</span> <span class='ocrx_word' id='word_1_40' title='bbox 1031 390 1198 426; x_wconf 84' lang='lat' dir='ltr'>socordia</span> <span class='ocrx_word' id='word_1_41' title='bbox 1233 395 1344 438; x_wconf 87' lang='lat' dir='ltr'>atque</span> 
     </span>
     <span class='ocr_line' id='line_1_7' title="bbox 124 441 1344 495; baseline -0.002 -14"><span class='ocrx_word' id='word_1_42' title='bbox 124 446 272 495; x_wconf 86' lang='lat' dir='ltr'>ignavia</span> <span class='ocrx_word' id='word_1_43' title='bbox 305 445 451 489; x_wconf 84' lang='lat' dir='ltr'>invasit,</span> <span class='ocrx_word' id='word_1_44' title='bbox 496 445 613 495; x_wconf 88' lang='lat' dir='ltr'>ignari</span> <span class='ocrx_word' id='word_1_45' title='bbox 657 445 808 488; x_wconf 87' lang='lat' dir='ltr'>laboris,</span> <span class='ocrx_word' id='word_1_46' title='bbox 848 444 1020 486; x_wconf 84' lang='lat' dir='ltr'>hostium,</span> <span class='ocrx_word' id='word_1_47' title='bbox 1057 442 1207 488; x_wconf 73' lang='lat' dir='ltr'>militiae,</span> <span class='ocrx_word' id='word_1_48' title='bbox 1243 441 1344 479; x_wconf 71' lang='lat' dir='ltr'>domi</span> 
     </span>
     <span class='ocr_line' id='line_1_8' title="bbox 126 496 1347 548; baseline -0.002 -13"><span class='ocrx_word' id='word_1_49' title='bbox 126 499 283 535; x_wconf 86' lang='lat' dir='ltr'>faotione</span> <span class='ocrx_word' id='word_1_50' title='bbox 312 498 493 544; x_wconf 76' lang='lat' dir='ltr'><strong>instructi,</strong></span> <span class='ocrx_word' id='word_1_51' title='bbox 520 511 584 547; x_wconf 90' lang='lat' dir='ltr'>per</span> <span class='ocrx_word' id='word_1_52' title='bbox 616 499 823 548; x_wconf 85' lang='lat' dir='ltr'>superbiam</span> <span class='ocrx_word' id='word_1_53' title='bbox 852 497 992 533; x_wconf 87' lang='lat' dir='ltr'>cunctis</span> <span class='ocrx_word' id='word_1_54' title='bbox 1023 496 1195 546; x_wconf 86' lang='lat' dir='ltr'>gentibus</span> <span class='ocrx_word' id='word_1_55' title='bbox 1223 497 1347 534; x_wconf 89' lang='lat' dir='ltr'>mode-</span> 
     </span>
     <span class='ocr_line' id='line_1_9' title="bbox 123 548 1346 601; baseline -0.002 -14"><span class='ocrx_word' id='word_1_56' title='bbox 123 558 261 589; x_wconf 80' lang='lat' dir='ltr'><strong>rantur.</strong></span> <span class='ocrx_word' id='word_1_57' title='bbox 330 552 459 601; x_wconf 81' lang='lat' dir='ltr'>ltaque</span> <span class='ocrx_word' id='word_1_58' title='bbox 502 557 637 601; x_wconf 88' lang='lat' dir='ltr'>patres,</span> <span class='ocrx_word' id='word_1_59' title='bbox 683 564 839 601; x_wconf 89' lang='lat' dir='ltr'>quorum</span> <span class='ocrx_word' id='word_1_60' title='bbox 883 549 1037 587; x_wconf 90' lang='lat' dir='ltr'>consilio</span> <span class='ocrx_word' id='word_1_61' title='bbox 1084 548 1190 585; x_wconf 62' lang='lat' dir='ltr'>antea</span> <span class='ocrx_word' id='word_1_62' title='bbox 1235 549 1346 586; x_wconf 87' lang='lat' dir='ltr'>dubia</span> 
     </span>
     <span class='ocr_line' id='line_1_10' title="bbox 123 602 1345 655; baseline -0.002 -14"><span class='ocrx_word' id='word_1_63' title='bbox 123 605 334 655; x_wconf 85' lang='lat' dir='ltr'>respublica</span> <span class='ocrx_word' id='word_1_64' title='bbox 361 604 625 650; x_wconf 84' lang='lat' dir='ltr'>stabiliebatur,</span> <span class='ocrx_word' id='word_1_65' title='bbox 653 605 832 653; x_wconf 85' lang='lat' dir='ltr'>oppressi,</span> <span class='ocrx_word' id='word_1_66' title='bbox 861 617 907 641; x_wconf 77' lang='lat' dir='ltr'>ex</span> <span class='ocrx_word' id='word_1_67' title='bbox 935 603 1056 640; x_wconf 65' lang='lat' dir='ltr'>aliena</span> <span class='ocrx_word' id='word_1_68' title='bbox 1082 602 1245 639; x_wconf 86' lang='lat' dir='ltr'>lubidine</span> <span class='ocrx_word' id='word_1_69' title='bbox 1273 603 1345 639; x_wconf 89' lang='lat' dir='ltr'>huc</span> 
     </span>
     <span class='ocr_line' id='line_1_11' title="bbox 124 655 1346 708; baseline -0.002 -13"><span class='ocrx_word' id='word_1_70' title='bbox 124 665 234 708; x_wconf 89' lang='lat' dir='ltr'>atque</span> <span class='ocrx_word' id='word_1_71' title='bbox 270 658 357 695; x_wconf 88' lang='lat' dir='ltr'>illuc</span> <span class='ocrx_word' id='word_1_72' title='bbox 392 659 607 695; x_wconf 85' lang='lat' dir='ltr'>fluctuantes</span> <span class='ocrx_word' id='word_1_73' title='bbox 639 660 845 708; x_wconf 79' lang='lat' dir='ltr'>agitantur:</span> <span class='ocrx_word' id='word_1_74' title='bbox 880 657 1064 694; x_wconf 86' lang='lat' dir='ltr'>interdum</span> <span class='ocrx_word' id='word_1_75' title='bbox 1094 655 1179 700; x_wconf 88' lang='lat' dir='ltr'>alia,</span> <span class='ocrx_word' id='word_1_76' title='bbox 1215 655 1346 692; x_wconf 90' lang='lat' dir='ltr'>deinde</span> 
     </span>
     <span class='ocr_line' id='line_1_12' title="bbox 123 708 1345 761; baseline -0.003 -12"><span class='ocrx_word' id='word_1_77' title='bbox 123 712 208 750; x_wconf 84' lang='lat' dir='ltr'>alia.</span> <span class='ocrx_word' id='word_1_78' title='bbox 241 713 466 758; x_wconf 70' lang='lat' dir='ltr'>decernunt,</span> <span class='ocrx_word' id='word_1_79' title='bbox 492 717 533 748; x_wconf 91' lang='lat' dir='ltr'>ut</span> <span class='ocrx_word' id='word_1_80' title='bbox 566 725 704 757; x_wconf 88' lang='lat' dir='ltr'>eorum,</span> <span class='ocrx_word' id='word_1_81' title='bbox 736 712 800 761; x_wconf 86' lang='lat' dir='ltr'>qui</span> <span class='ocrx_word' id='word_1_82' title='bbox 828 710 1074 755; x_wconf 84' lang='lat' dir='ltr'>dominantur,</span> <span class='ocrx_word' id='word_1_83' title='bbox 1107 708 1274 746; x_wconf 84' lang='lat' dir='ltr'>simultas</span> <span class='ocrx_word' id='word_1_84' title='bbox 1303 723 1345 746; x_wconf 87' lang='lat' dir='ltr'>ac</span> 
     </span>
     <span class='ocr_line' id='line_1_13' title="bbox 123 762 1348 815; baseline -0.003 -13"><span class='ocrx_word' id='word_1_85' title='bbox 123 766 330 815; x_wconf 81' lang='lat' dir='ltr'>arrogantia</span> <span class='ocrx_word' id='word_1_86' title='bbox 364 766 444 807; x_wconf 81' lang='lat' dir='ltr'>fert,</span> <span class='ocrx_word' id='word_1_87' title='bbox 480 765 529 801; x_wconf 88' lang='lat' dir='ltr'>ita</span> <span class='ocrx_word' id='word_1_88' title='bbox 564 766 704 802; x_wconf 88' lang='lat' dir='ltr'>bonum</span> <span class='ocrx_word' id='word_1_89' title='bbox 740 764 947 813; x_wconf 86' lang='lat' dir='ltr'>malumque</span> <span class='ocrx_word' id='word_1_90' title='bbox 988 762 1176 812; x_wconf 87' lang='lat' dir='ltr'>publicum</span> <span class='ocrx_word' id='word_1_91' title='bbox 1211 762 1348 799; x_wconf 78' lang='lat' dir='ltr'>existu-</span> 
     </span>
     <span class='ocr_line' id='line_1_14' title="bbox 125 816 1346 867; baseline -0.002 -12"><span class='ocrx_word' id='word_1_92' title='bbox 125 825 236 856; x_wconf 85' lang='lat' dir='ltr'>mant.</span> <span class='ocrx_word' id='word_1_93' title='bbox 292 817 401 862; x_wconf 63' lang='lat' dir='ltr'>Quod</span> <span class='ocrx_word' id='word_1_94' title='bbox 424 819 452 855; x_wconf 87' lang='lat' dir='ltr'>si</span> <span class='ocrx_word' id='word_1_95' title='bbox 481 824 544 855; x_wconf 85' lang='lat' dir='ltr'>aut</span> <span class='ocrx_word' id='word_1_96' title='bbox 570 818 720 855; x_wconf 87' lang='lat' dir='ltr'>libertas</span> <span class='ocrx_word' id='word_1_97' title='bbox 751 832 856 867; x_wconf 86' lang='lat' dir='ltr'>aequa</span> <span class='ocrx_word' id='word_1_98' title='bbox 875 818 1048 863; x_wconf 86' lang='lat' dir='ltr'>omnium,</span> <span class='ocrx_word' id='word_1_99' title='bbox 1076 821 1139 852; x_wconf 84' lang='lat' dir='ltr'>aut</span> <span class='ocrx_word' id='word_1_100' title='bbox 1166 816 1346 853; x_wconf 85' lang='lat' dir='ltr'>sententia</span> 
     </span>
     <span class='ocr_line' id='line_1_15' title="bbox 126 867 1346 923; baseline -0.003 -14"><span class='ocrx_word' id='word_1_101' title='bbox 126 873 319 910; x_wconf 86' lang='lat' dir='ltr'>obscurior</span> <span class='ocrx_word' id='word_1_102' title='bbox 350 878 466 909; x_wconf 89' lang='lat' dir='ltr'>esset:</span> <span class='ocrx_word' id='word_1_103' title='bbox 497 873 696 923; x_wconf 82' lang='lat' dir='ltr'>majoribus</span> <span class='ocrx_word' id='word_1_104' title='bbox 735 872 867 921; x_wconf 83' lang='lat' dir='ltr'>opibus</span> <span class='ocrx_word' id='word_1_105' title='bbox 901 870 1121 920; x_wconf 84' lang='lat' dir='ltr'>respublica,</span> <span class='ocrx_word' id='word_1_106' title='bbox 1156 875 1192 906; x_wconf 90' lang='lat' dir='ltr'>et</span> <span class='ocrx_word' id='word_1_107' title='bbox 1226 867 1346 906; x_wconf 77' lang='lat' dir='ltr'>minus</span> 
     </span>
     <span class='ocr_line' id='line_1_16' title="bbox 124 923 1346 976; baseline -0.003 -13"><span class='ocrx_word' id='word_1_108' title='bbox 124 931 257 976; x_wconf 86' lang='lat' dir='ltr'>potens</span> <span class='ocrx_word' id='word_1_109' title='bbox 292 925 461 963; x_wconf 84' lang='lat' dir='ltr'>nobilitas</span> <span class='ocrx_word' id='word_1_110' title='bbox 493 932 602 963; x_wconf 89' lang='lat' dir='ltr'>esset.</span> <span class='ocrx_word' id='word_1_111' title='bbox 657 925 732 962; x_wconf 85' lang='lat' dir='ltr'>Sed</span> <span class='ocrx_word' id='word_1_112' title='bbox 768 924 940 975; x_wconf 89' lang='lat' dir='ltr'>quoniam</span> <span class='ocrx_word' id='word_1_113' title='bbox 976 923 1158 974; x_wconf 83' lang='lat' dir='ltr'>coaequari</span> <span class='ocrx_word' id='word_1_114' title='bbox 1193 924 1346 973; x_wconf 84' lang='lat' dir='ltr'>gratiam</span> 
     </span>
     <span class='ocr_line' id='line_1_17' title="bbox 125 976 1346 1028; baseline -0.003 -12"><span class='ocrx_word' id='word_1_115' title='bbox 125 981 286 1016; x_wconf 90' lang='lat' dir='ltr'>omnium</span> <span class='ocrx_word' id='word_1_116' title='bbox 321 978 465 1015; x_wconf 91' lang='lat' dir='ltr'>difficile</span> <span class='ocrx_word' id='word_1_117' title='bbox 502 986 581 1025; x_wconf 75' lang='lat' dir='ltr'>est,</span> <span class='ocrx_word' id='word_1_118' title='bbox 626 979 761 1028; x_wconf 87' lang='lat' dir='ltr'>quippe</span> <span class='ocrx_word' id='word_1_119' title='bbox 799 978 882 1014; x_wconf 75' lang='lat' dir='ltr'>cum</span> <span class='ocrx_word' id='word_1_120' title='bbox 912 977 983 1013; x_wconf 81' lang='lat' dir='ltr'>illis</span> <span class='ocrx_word' id='word_1_121' title='bbox 1018 976 1195 1026; x_wconf 78' lang='lat' dir='ltr'>majorfim</span> <span class='ocrx_word' id='word_1_122' title='bbox 1231 977 1346 1013; x_wconf 88' lang='lat' dir='ltr'>virtus</span> 
     </span>
     <span class='ocr_line' id='line_1_18' title="bbox 122 1030 1347 1082; baseline -0.003 -13"><span class='ocrx_word' id='word_1_123' title='bbox 122 1039 263 1082; x_wconf 87' lang='lat' dir='ltr'>partam</span> <span class='ocrx_word' id='word_1_124' title='bbox 298 1033 486 1081; x_wconf 84' lang='lat' dir='ltr'>reliquerit</span> <span class='ocrx_word' id='word_1_125' title='bbox 515 1032 680 1081; x_wconf 84' lang='lat' dir='ltr'>gloriam,</span> <span class='ocrx_word' id='word_1_126' title='bbox 712 1032 938 1081; x_wconf 82' lang='lat' dir='ltr'>dignitatem,</span> <span class='ocrx_word' id='word_1_127' title='bbox 966 1030 1177 1075; x_wconf 90' lang='lat' dir='ltr'>clientelas;</span> <span class='ocrx_word' id='word_1_128' title='bbox 1213 1036 1347 1066; x_wconf 85' lang='lat' dir='ltr'>caetera</span> 
     </span>
     <span class='ocr_line' id='line_1_19' title="bbox 122 1083 1347 1136; baseline -0.002 -14"><span class='ocrx_word' id='word_1_129' title='bbox 122 1086 315 1123; x_wconf 87' lang='lat' dir='ltr'>multitudo</span> <span class='ocrx_word' id='word_1_130' title='bbox 366 1085 543 1136; x_wconf 86' lang='lat' dir='ltr'>pleraque</span> <span class='ocrx_word' id='word_1_131' title='bbox 596 1085 747 1122; x_wconf 86' lang='lat' dir='ltr'>insititia</span> <span class='ocrx_word' id='word_1_132' title='bbox 791 1084 859 1131; x_wconf 72' lang='lat' dir='ltr'>sit,</span> <span class='ocrx_word' id='word_1_133' title='bbox 904 1083 1101 1120; x_wconf 84' lang='lat' dir='ltr'>sententias</span> <span class='ocrx_word' id='word_1_134' title='bbox 1150 1096 1275 1120; x_wconf 89' lang='lat' dir='ltr'>eorum</span> <span class='ocrx_word' id='word_1_135' title='bbox 1324 1083 1347 1119; x_wconf 70' lang='lat' dir='ltr'>a</span> 
     </span>
     <span class='ocr_line' id='line_1_20' title="bbox 125 1136 1347 1187; baseline -0.004 -11"><span class='ocrx_word' id='word_1_136' title='bbox 125 1146 225 1177; x_wconf 89' lang='lat' dir='ltr'>metu</span> <span class='ocrx_word' id='word_1_137' title='bbox 260 1140 395 1176; x_wconf 88' lang='lat' dir='ltr'>libera:</span> <span class='ocrx_word' id='word_1_138' title='bbox 435 1139 485 1176; x_wconf 84' lang='lat' dir='ltr'>ita</span> <span class='ocrx_word' id='word_1_139' title='bbox 522 1138 670 1176; x_wconf 76' lang='lat' dir='ltr'>occulto</span> <span class='ocrx_word' id='word_1_140' title='bbox 706 1139 775 1175; x_wconf 89' lang='lat' dir='ltr'>sibi</span> <span class='ocrx_word' id='word_1_141' title='bbox 808 1139 964 1187; x_wconf 90' lang='lat' dir='ltr'>quisque</span> <span class='ocrx_word' id='word_1_142' title='bbox 1001 1136 1150 1173; x_wconf 86' lang='lat' dir='ltr'>alterius</span> <span class='ocrx_word' id='word_1_143' title='bbox 1183 1137 1347 1185; x_wconf 68' lang='lat' dir='ltr'>potentia</span> 
     </span>
     <span class='ocr_line' id='line_1_21' title="bbox 123 1190 1348 1243; baseline -0.003 -13"><span class='ocrx_word' id='word_1_144' title='bbox 123 1195 241 1230; x_wconf 87' lang='lat' dir='ltr'>carior</span> <span class='ocrx_word' id='word_1_145' title='bbox 276 1194 353 1230; x_wconf 90' lang='lat' dir='ltr'>erit.</span> <span class='ocrx_word' id='word_1_146' title='bbox 408 1192 579 1229; x_wconf 83' lang='lat' dir='ltr'>Libertas</span> <span class='ocrx_word' id='word_1_147' title='bbox 610 1191 719 1243; x_wconf 65' lang='lat' dir='ltr'>juxta</span> <span class='ocrx_word' id='word_1_148' title='bbox 754 1192 861 1229; x_wconf 86' lang='lat' dir='ltr'>bonis</span> <span class='ocrx_word' id='word_1_149' title='bbox 897 1196 933 1228; x_wconf 85' lang='lat' dir='ltr'>et</span> <span class='ocrx_word' id='word_1_150' title='bbox 967 1190 1086 1236; x_wconf 87' lang='lat' dir='ltr'>malis,</span> <span class='ocrx_word' id='word_1_151' title='bbox 1118 1190 1275 1227; x_wconf 86' lang='lat' dir='ltr'>strenuis</span> <span class='ocrx_word' id='word_1_152' title='bbox 1312 1195 1348 1226; x_wconf 89' lang='lat' dir='ltr'>et</span> 
     </span>
     <span class='ocr_line' id='line_1_22' title="bbox 120 1244 1346 1297; baseline -0.003 -14"><span class='ocrx_word' id='word_1_153' title='bbox 120 1248 276 1297; x_wconf 86' lang='lat' dir='ltr'>ignavis,</span> <span class='ocrx_word' id='word_1_154' title='bbox 309 1246 479 1295; x_wconf 85' lang='lat' dir='ltr'>optabilis</span> <span class='ocrx_word' id='word_1_155' title='bbox 513 1252 578 1283; x_wconf 88' lang='lat' dir='ltr'>est.</span> <span class='ocrx_word' id='word_1_156' title='bbox 631 1245 772 1283; x_wconf 68' lang='lat' dir='ltr'>Verum</span> <span class='ocrx_word' id='word_1_157' title='bbox 801 1258 880 1281; x_wconf 89' lang='lat' dir='ltr'>eam</span> <span class='ocrx_word' id='word_1_158' title='bbox 908 1244 1075 1294; x_wconf 84' lang='lat' dir='ltr'>plerique</span> <span class='ocrx_word' id='word_1_159' title='bbox 1107 1248 1207 1280; x_wconf 88' lang='lat' dir='ltr'>metu</span> <span class='ocrx_word' id='word_1_160' title='bbox 1240 1244 1346 1280; x_wconf 88' lang='lat' dir='ltr'>dese-</span> 
     </span>
     <span class='ocr_line' id='line_1_23' title="bbox 123 1296 1347 1348; baseline -0.004 -11"><span class='ocrx_word' id='word_1_161' title='bbox 123 1306 221 1345; x_wconf 86' lang='lat' dir='ltr'>runt,</span> <span class='ocrx_word' id='word_1_162' title='bbox 258 1300 474 1337; x_wconf 88' lang='lat' dir='ltr'>stultissumi</span> <span class='ocrx_word' id='word_1_163' title='bbox 510 1299 699 1336; x_wconf 81' lang='lat' dir='ltr'>mortales:</span> <span class='ocrx_word' id='word_1_164' title='bbox 746 1299 847 1348; x_wconf 91' lang='lat' dir='ltr'>quod</span> <span class='ocrx_word' id='word_1_165' title='bbox 881 1298 918 1334; x_wconf 90' lang='lat' dir='ltr'>in</span> <span class='ocrx_word' id='word_1_166' title='bbox 955 1297 1150 1334; x_wconf 82' lang='lat' dir='ltr'>certamine</span> <span class='ocrx_word' id='word_1_167' title='bbox 1195 1296 1347 1333; x_wconf 89' lang='lat' dir='ltr'>dubium</span> 
     </span>
     <span class='ocr_line' id='line_1_24' title="bbox 123 1350 1348 1403; baseline -0.004 -12"><span class='ocrx_word' id='word_1_168' title='bbox 123 1361 189 1395; x_wconf 83' lang='lat' dir='ltr'>est,</span> <span class='ocrx_word' id='word_1_169' title='bbox 222 1367 395 1403; x_wconf 84' lang='lat' dir='ltr'>quorsum</span> <span class='ocrx_word' id='word_1_170' title='bbox 423 1354 577 1396; x_wconf 87' lang='lat' dir='ltr'>accidat,</span> <span class='ocrx_word' id='word_1_171' title='bbox 599 1354 637 1389; x_wconf 88' lang='lat' dir='ltr'>id</span> <span class='ocrx_word' id='word_1_172' title='bbox 667 1366 734 1402; x_wconf 89' lang='lat' dir='ltr'>per</span> <span class='ocrx_word' id='word_1_173' title='bbox 765 1352 929 1388; x_wconf 74' lang='lat' dir='ltr'>inertiam</span> <span class='ocrx_word' id='word_1_174' title='bbox 955 1351 992 1387; x_wconf 85' lang='lat' dir='ltr'>in</span> <span class='ocrx_word' id='word_1_175' title='bbox 1024 1364 1076 1393; x_wconf 90' lang='lat' dir='ltr'>se,</span> <span class='ocrx_word' id='word_1_176' title='bbox 1110 1350 1215 1399; x_wconf 89' lang='lat' dir='ltr'>quasi</span> <span class='ocrx_word' id='word_1_177' title='bbox 1247 1350 1348 1395; x_wconf 87' lang='lat' dir='ltr'>victi,</span> 
     </span>
     <span class='ocr_line' id='line_1_25' title="bbox 121 1404 1348 1456; baseline -0.003 -12"><span class='ocrx_word' id='word_1_178' title='bbox 121 1408 316 1456; x_wconf 85' lang='lat' dir='ltr'>recipiunt.</span> <span class='ocrx_word' id='word_1_179' title='bbox 384 1407 502 1456; x_wconf 81' lang='lat' dir='ltr'>Igitur</span> <span class='ocrx_word' id='word_1_180' title='bbox 536 1407 679 1443; x_wconf 85' lang='lat' dir='ltr'>duabus</span> <span class='ocrx_word' id='word_1_181' title='bbox 717 1407 827 1442; x_wconf 88' lang='lat' dir='ltr'>rebus</span> <span class='ocrx_word' id='word_1_182' title='bbox 864 1404 1068 1441; x_wconf 86' lang='lat' dir='ltr'>confirmari</span> <span class='ocrx_word' id='word_1_183' title='bbox 1102 1416 1212 1452; x_wconf 88' lang='lat' dir='ltr'>posse</span> <span class='ocrx_word' id='word_1_184' title='bbox 1245 1417 1348 1440; x_wconf 85' lang='lat' dir='ltr'>sena-</span> 
     </span>
     <span class='ocr_line' id='line_1_26' title="bbox 122 1457 1346 1510; baseline -0.003 -13"><span class='ocrx_word' id='word_1_185' title='bbox 122 1468 200 1498; x_wconf 89' lang='lat' dir='ltr'>tum</span> <span class='ocrx_word' id='word_1_186' title='bbox 232 1466 342 1510; x_wconf 87' lang='lat' dir='ltr'>puto:</span> <span class='ocrx_word' id='word_1_187' title='bbox 388 1461 432 1505; x_wconf 80' lang='lat' dir='ltr'>si,</span> <span class='ocrx_word' id='word_1_188' title='bbox 462 1474 614 1497; x_wconf 87' lang='lat' dir='ltr'>numero</span> <span class='ocrx_word' id='word_1_189' title='bbox 650 1465 796 1505; x_wconf 89' lang='lat' dir='ltr'>auctus,</span> <span class='ocrx_word' id='word_1_190' title='bbox 825 1472 890 1508; x_wconf 83' lang='lat' dir='ltr'>per</span> <span class='ocrx_word' id='word_1_191' title='bbox 921 1457 1094 1494; x_wconf 79' lang='lat' dir='ltr'>tabellam</span> <span class='ocrx_word' id='word_1_192' title='bbox 1130 1457 1346 1493; x_wconf 86' lang='lat' dir='ltr'>senteutiam</span> 
     </span>
     <span class='ocr_line' id='line_1_27' title="bbox 122 1509 1347 1561; baseline -0.004 -11"><span class='ocrx_word' id='word_1_193' title='bbox 122 1515 226 1551; x_wconf 88' lang='lat' dir='ltr'>feret.</span> <span class='ocrx_word' id='word_1_194' title='bbox 298 1514 451 1550; x_wconf 77' lang='lat' dir='ltr'>&#39;Fabella</span> <span class='ocrx_word' id='word_1_195' title='bbox 486 1514 651 1551; x_wconf 88' lang='lat' dir='ltr'>obtentui</span> <span class='ocrx_word' id='word_1_196' title='bbox 688 1514 765 1557; x_wconf 81' lang='lat' dir='ltr'>erit,</span> <span class='ocrx_word' id='word_1_197' title='bbox 802 1510 877 1561; x_wconf 73' lang='lat' dir='ltr'>quo</span> <span class='ocrx_word' id='word_1_198' title='bbox 912 1510 1030 1559; x_wconf 78' lang='lat' dir='ltr'>magis</span> <span class='ocrx_word' id='word_1_199' title='bbox 1074 1510 1194 1547; x_wconf 90' lang='lat' dir='ltr'>animo</span> <span class='ocrx_word' id='word_1_200' title='bbox 1230 1509 1347 1546; x_wconf 85' lang='lat' dir='ltr'>libero</span> 
     </span>
     <span class='ocr_line' id='line_1_28' title="bbox 122 1563 1345 1614; baseline -0.005 -10"><span class='ocrx_word' id='word_1_201' title='bbox 122 1570 242 1605; x_wconf 81' lang='lat' dir='ltr'>facere</span> <span class='ocrx_word' id='word_1_202' title='bbox 270 1568 422 1604; x_wconf 85' lang='lat' dir='ltr'>audeat:</span> <span class='ocrx_word' id='word_1_203' title='bbox 451 1568 488 1603; x_wconf 86' lang='lat' dir='ltr'>in</span> <span class='ocrx_word' id='word_1_204' title='bbox 522 1567 767 1611; x_wconf 81' lang='lat' dir='ltr'>multitudine,</span> <span class='ocrx_word' id='word_1_205' title='bbox 803 1572 839 1602; x_wconf 89' lang='lat' dir='ltr'>et</span> <span class='ocrx_word' id='word_1_206' title='bbox 874 1564 1038 1614; x_wconf 80' lang='lat' dir='ltr'>praesidii</span> <span class='ocrx_word' id='word_1_207' title='bbox 1069 1563 1168 1613; x_wconf 85' lang='lat' dir='ltr'>pIuS,</span> <span class='ocrx_word' id='word_1_208' title='bbox 1188 1568 1224 1599; x_wconf 88' lang='lat' dir='ltr'>et</span> <span class='ocrx_word' id='word_1_209' title='bbox 1256 1576 1345 1599; x_wconf 89' lang='lat' dir='ltr'>usus</span> 
     </span>
     <span class='ocr_line' id='line_1_29' title="bbox 121 1616 1346 1670; baseline -0.005 -12"><span class='ocrx_word' id='word_1_210' title='bbox 121 1621 276 1670; x_wconf 89' lang='lat' dir='ltr'>amplior</span> <span class='ocrx_word' id='word_1_211' title='bbox 312 1627 377 1658; x_wconf 88' lang='lat' dir='ltr'>est.</span> <span class='ocrx_word' id='word_1_212' title='bbox 430 1621 527 1657; x_wconf 87' lang='lat' dir='ltr'>Nam</span> <span class='ocrx_word' id='word_1_213' title='bbox 561 1621 649 1665; x_wconf 74' lang='lat' dir='ltr'>fere,</span> <span class='ocrx_word' id='word_1_214' title='bbox 684 1621 739 1656; x_wconf 88' lang='lat' dir='ltr'>his</span> <span class='ocrx_word' id='word_1_215' title='bbox 776 1618 1070 1668; x_wconf 82' lang='lat' dir='ltr'>tempestatibuS,</span> <span class='ocrx_word' id='word_1_216' title='bbox 1106 1616 1167 1653; x_wconf 87' lang='lat' dir='ltr'>alii</span> <span class='ocrx_word' id='word_1_217' title='bbox 1198 1617 1346 1666; x_wconf 87' lang='lat' dir='ltr'>judiciis</span> 
     </span>
     <span class='ocr_line' id='line_1_30' title="bbox 122 1669 1347 1724; baseline -0.005 -13"><span class='ocrx_word' id='word_1_218' title='bbox 122 1675 290 1724; x_wconf 85' lang='lat' dir='ltr'>publicis,</span> <span class='ocrx_word' id='word_1_219' title='bbox 325 1675 384 1711; x_wconf 86' lang='lat' dir='ltr'>alii</span> <span class='ocrx_word' id='word_1_220' title='bbox 420 1675 570 1724; x_wconf 84' lang='lat' dir='ltr'>privatis</span> <span class='ocrx_word' id='word_1_221' title='bbox 599 1674 674 1710; x_wconf 88' lang='lat' dir='ltr'>suis</span> <span class='ocrx_word' id='word_1_222' title='bbox 707 1679 816 1723; x_wconf 81' lang='lat' dir='ltr'>atque</span> <span class='ocrx_word' id='word_1_223' title='bbox 850 1672 1049 1708; x_wconf 76' lang='lat' dir='ltr'>amicorum</span> <span class='ocrx_word' id='word_1_224' title='bbox 1083 1670 1256 1720; x_wconf 86' lang='lat' dir='ltr'>negotiis,</span> <span class='ocrx_word' id='word_1_225' title='bbox 1283 1669 1347 1705; x_wconf 88' lang='lat' dir='ltr'>im-</span> 
     </span>
     <span class='ocr_line' id='line_1_31' title="bbox 118 1724 1345 1777; baseline -0.005 -13"><span class='ocrx_word' id='word_1_226' title='bbox 118 1729 257 1777; x_wconf 84' lang='lat' dir='ltr'>plicati,</span> <span class='ocrx_word' id='word_1_227' title='bbox 290 1728 388 1764; x_wconf 86' lang='lat' dir='ltr'>haud</span> <span class='ocrx_word' id='word_1_228' title='bbox 424 1728 511 1764; x_wconf 76' lang='lat' dir='ltr'>sane</span> <span class='ocrx_word' id='word_1_229' title='bbox 541 1727 754 1776; x_wconf 87' lang='lat' dir='ltr'>reipublicae</span> <span class='ocrx_word' id='word_1_230' title='bbox 786 1725 947 1762; x_wconf 87' lang='lat' dir='ltr'>consiliis</span> <span class='ocrx_word' id='word_1_231' title='bbox 977 1724 1192 1760; x_wconf 81' lang='lat' dir='ltr'>adsuerunt:</span> <span class='ocrx_word' id='word_1_232' title='bbox 1229 1736 1345 1771; x_wconf 87' lang='lat' dir='ltr'>neque</span> 
     </span>
     <span class='ocr_line' id='line_1_32' title="bbox 120 1776 1346 1831; baseline -0.006 -13"><span class='ocrx_word' id='word_1_233' title='bbox 120 1796 183 1819; x_wconf 83' lang='lat' dir='ltr'>eos</span> <span class='ocrx_word' id='word_1_234' title='bbox 218 1780 334 1830; x_wconf 81' lang='lat' dir='ltr'>magis</span> <span class='ocrx_word' id='word_1_235' title='bbox 366 1782 570 1831; x_wconf 79' lang='lat' dir='ltr'>occupatio,</span> <span class='ocrx_word' id='word_1_236' title='bbox 609 1779 719 1829; x_wconf 70' lang='lat' dir='ltr'>quam</span> <span class='ocrx_word' id='word_1_237' title='bbox 753 1780 913 1828; x_wconf 84' lang='lat' dir='ltr'>superba</span> <span class='ocrx_word' id='word_1_238' title='bbox 947 1777 1100 1826; x_wconf 90' lang='lat' dir='ltr'>imperia</span> <span class='ocrx_word' id='word_1_239' title='bbox 1135 1776 1346 1813; x_wconf 66' lang='lat' dir='ltr'>distinuere.</span> 
     </span>
     <span class='ocr_line' id='line_1_33' title="bbox 121 1830 1346 1882; baseline -0.006 -10"><span class='ocrx_word' id='word_1_240' title='bbox 121 1834 300 1872; x_wconf 83' lang='lat' dir='ltr'>Homines</span> <span class='ocrx_word' id='word_1_241' title='bbox 329 1835 471 1877; x_wconf 75' lang='lat' dir='ltr'>nobiles</span> <span class='ocrx_word' id='word_1_242' title='bbox 500 1848 583 1870; x_wconf 84' lang='lat' dir='ltr'>cum</span> <span class='ocrx_word' id='word_1_243' title='bbox 612 1833 738 1882; x_wconf 76' lang='lat' dir='ltr'>paucis</span> <span class='ocrx_word' id='word_1_244' title='bbox 769 1831 973 1874; x_wconf 86' lang='lat' dir='ltr'>senatoriis,</span> <span class='ocrx_word' id='word_1_245' title='bbox 1002 1843 1094 1880; x_wconf 89' lang='lat' dir='ltr'>quos</span> <span class='ocrx_word' id='word_1_246' title='bbox 1124 1830 1346 1867; x_wconf 86' lang='lat' dir='ltr'>additamen-</span> 
     </span>
     <span class='ocr_line' id='line_1_34' title="bbox 120 1885 1347 1937; baseline -0.005 -12"><span class='ocrx_word' id='word_1_247' title='bbox 120 1896 156 1925; x_wconf 82' lang='lat' dir='ltr'>ta</span> <span class='ocrx_word' id='word_1_248' title='bbox 199 1889 364 1925; x_wconf 85' lang='lat' dir='ltr'>factionis</span> <span class='ocrx_word' id='word_1_249' title='bbox 400 1889 548 1929; x_wconf 80' lang='lat' dir='ltr'>habent,</span> <span class='ocrx_word' id='word_1_250' title='bbox 587 1900 829 1937; x_wconf 87' lang='lat' dir='ltr'>quaecumque</span> <span class='ocrx_word' id='word_1_251' title='bbox 864 1885 969 1921; x_wconf 88' lang='lat' dir='ltr'>libuit</span> <span class='ocrx_word' id='word_1_252' title='bbox 1013 1885 1183 1933; x_wconf 85' lang='lat' dir='ltr'>probare,</span> <span class='ocrx_word' id='word_1_253' title='bbox 1227 1896 1347 1932; x_wconf 83' lang='lat' dir='ltr'>repre-</span> 
     </span>
     <span class='ocr_line' id='line_1_35' title="bbox 119 1935 1344 1987; baseline -0.006 -9"><span class='ocrx_word' id='word_1_254' title='bbox 119 1942 291 1985; x_wconf 76' lang='lat' dir='ltr'>bendere,</span> <span class='ocrx_word' id='word_1_255' title='bbox 328 1943 538 1987; x_wconf 84' lang='lat' dir='ltr'>decernere,</span> <span class='ocrx_word' id='word_1_256' title='bbox 566 1955 624 1986; x_wconf 90' lang='lat' dir='ltr'>eo,</span> <span class='ocrx_word' id='word_1_257' title='bbox 653 1938 707 1977; x_wconf 80' lang='lat' dir='ltr'>uti</span> <span class='ocrx_word' id='word_1_258' title='bbox 733 1939 861 1976; x_wconf 87' lang='lat' dir='ltr'>lubido</span> <span class='ocrx_word' id='word_1_259' title='bbox 892 1938 990 1984; x_wconf 84' lang='lat' dir='ltr'>tulit,</span> <span class='ocrx_word' id='word_1_260' title='bbox 1017 1936 1150 1973; x_wconf 65' lang='lat' dir='ltr'>secere.</span> <span class='ocrx_word' id='word_1_261' title='bbox 1204 1935 1344 1972; x_wconf 78' lang='lat' dir='ltr'>Verum</span> 
     </span>
     <span class='ocr_line' id='line_1_36' title="bbox 120 1988 1343 2042; baseline -0.005 -11"><span class='ocrx_word' id='word_1_262' title='bbox 120 1996 196 2038; x_wconf 90' lang='lat' dir='ltr'>ubi,</span> <span class='ocrx_word' id='word_1_263' title='bbox 232 2008 385 2032; x_wconf 90' lang='lat' dir='ltr'>numero</span> <span class='ocrx_word' id='word_1_264' title='bbox 421 2001 630 2032; x_wconf 87' lang='lat' dir='ltr'>senatorum</span> <span class='ocrx_word' id='word_1_265' title='bbox 676 1999 799 2038; x_wconf 85' lang='lat' dir='ltr'>aucto,</span> <span class='ocrx_word' id='word_1_266' title='bbox 835 2006 899 2042; x_wconf 90' lang='lat' dir='ltr'>per</span> <span class='ocrx_word' id='word_1_267' title='bbox 934 1990 1107 2028; x_wconf 83' lang='lat' dir='ltr'>tabellam</span> <span class='ocrx_word' id='word_1_268' title='bbox 1151 1988 1343 2026; x_wconf 79' lang='lat' dir='ltr'>sententiae</span> 
     </span>
     <span class='ocr_line' id='line_1_37' title="bbox 117 2042 1346 2097; baseline -0.007 -12"><span class='ocrx_word' id='word_1_269' title='bbox 117 2049 302 2094; x_wconf 66' lang='lat' dir='ltr'>dicentia-3</span> <span class='ocrx_word' id='word_1_270' title='bbox 334 2062 392 2084; x_wconf 80' lang='lat' dir='ltr'>nae</span> <span class='ocrx_word' id='word_1_271' title='bbox 422 2049 474 2085; x_wconf 90' lang='lat' dir='ltr'>illi</span> <span class='ocrx_word' id='word_1_272' title='bbox 502 2047 711 2097; x_wconf 85' lang='lat' dir='ltr'>superbiam</span> <span class='ocrx_word' id='word_1_273' title='bbox 741 2060 846 2082; x_wconf 85' lang='lat' dir='ltr'>suam</span> <span class='ocrx_word' id='word_1_274' title='bbox 873 2045 1066 2088; x_wconf 82' lang='lat' dir='ltr'>dimittent,</span> <span class='ocrx_word' id='word_1_275' title='bbox 1098 2042 1159 2079; x_wconf 88' lang='lat' dir='ltr'>ubi</span> <span class='ocrx_word' id='word_1_276' title='bbox 1187 2042 1230 2078; x_wconf 91' lang='lat' dir='ltr'>iis</span> <span class='ocrx_word' id='word_1_277' title='bbox 1259 2042 1346 2078; x_wconf 84' lang='lat' dir='ltr'>obe-</span> 
     </span>
     <span class='ocr_line' id='line_1_38' title="bbox 116 2095 1346 2152; baseline -0.007 -14"><span class='ocrx_word' id='word_1_278' title='bbox 116 2102 289 2139; x_wconf 85' lang='lat' dir='ltr'>diendum</span> <span class='ocrx_word' id='word_1_279' title='bbox 325 2103 406 2146; x_wconf 79' lang='lat' dir='ltr'>erit,</span> <span class='ocrx_word' id='word_1_280' title='bbox 445 2102 577 2152; x_wconf 86' lang='lat' dir='ltr'>quibus</span> <span class='ocrx_word' id='word_1_281' title='bbox 622 2100 731 2136; x_wconf 61' lang='lat' dir='ltr'>antea</span> <span class='ocrx_word' id='word_1_282' title='bbox 765 2095 1032 2136; x_wconf 72' lang='lat' dir='ltr'>crudelissume</span> <span class='ocrx_word' id='word_1_283' title='bbox 1075 2096 1346 2144; x_wconf 84' lang='lat' dir='ltr'>imperitabant.</span> 
     </span>
     <span class='ocr_line' id='line_1_39' title="bbox 117 2150 1345 2204; baseline -0.007 -12"><span class='ocrx_word' id='word_1_284' title='bbox 117 2155 302 2197; x_wconf 86' lang='lat' dir='ltr'>Forsitan,</span> <span class='ocrx_word' id='word_1_285' title='bbox 339 2154 555 2204; x_wconf 84' lang='lat' dir='ltr'>Imperator,</span> <span class='ocrx_word' id='word_1_286' title='bbox 593 2153 763 2203; x_wconf 74' lang='lat' dir='ltr'>perlectis</span> <span class='ocrx_word' id='word_1_287' title='bbox 799 2152 941 2195; x_wconf 86' lang='lat' dir='ltr'>litteris,</span> <span class='ocrx_word' id='word_1_288' title='bbox 989 2150 1188 2193; x_wconf 81' lang='lat' dir='ltr'>desideres,</span> <span class='ocrx_word' id='word_1_289' title='bbox 1234 2161 1345 2196; x_wconf 89' lang='lat' dir='ltr'>quem</span> 
     </span>
     <span class='ocr_line' id='line_1_40' title="bbox 115 2200 1346 2256; baseline -0.007 -11"><span class='ocrx_word' id='word_1_290' title='bbox 115 2223 152 2245; x_wconf 84' lang='lat'>111</span> <span class='ocrx_word' id='word_1_291' title='bbox 168 2221 306 2245; x_wconf 91' lang='lat' dir='ltr'>merum</span> <span class='ocrx_word' id='word_1_292' title='bbox 335 2217 541 2245; x_wconf 80' lang='lat' dir='ltr'>senatorum</span> <span class='ocrx_word' id='word_1_293' title='bbox 569 2208 647 2244; x_wconf 88' lang='lat' dir='ltr'>fieri</span> <span class='ocrx_word' id='word_1_294' title='bbox 672 2206 838 2256; x_wconf 85' lang='lat' dir='ltr'>placeat:</span> <span class='ocrx_word' id='word_1_295' title='bbox 868 2218 1017 2255; x_wconf 90' lang='lat' dir='ltr'>quoque</span> <span class='ocrx_word' id='word_1_296' title='bbox 1048 2202 1156 2239; x_wconf 88' lang='lat' dir='ltr'>modo</span> <span class='ocrx_word' id='word_1_297' title='bbox 1176 2202 1213 2237; x_wconf 87' lang='lat' dir='ltr'>in</span> <span class='ocrx_word' id='word_1_298' title='bbox 1231 2200 1346 2237; x_wconf 85' lang='lat' dir='ltr'>multa</span> 
     </span>
     <span class='ocr_line' id='line_1_41' title="bbox 114 2255 1344 2310; baseline -0.008 -11"><span class='ocrx_word' id='word_1_299' title='bbox 114 2268 150 2299; x_wconf 89' lang='lat' dir='ltr'>et</span> <span class='ocrx_word' id='word_1_300' title='bbox 201 2261 301 2298; x_wconf 84' lang='lat' dir='ltr'>varia</span> <span class='ocrx_word' id='word_1_301' title='bbox 347 2262 466 2299; x_wconf 84' lang='lat' dir='ltr'>officia</span> <span class='ocrx_word' id='word_1_302' title='bbox 511 2262 773 2305; x_wconf 78' lang='lat' dir='ltr'>distribuatur3</span> <span class='ocrx_word' id='word_1_303' title='bbox 812 2259 953 2310; x_wconf 85' lang='lat' dir='ltr'>judicia</span> <span class='ocrx_word' id='word_1_304' title='bbox 1001 2255 1172 2306; x_wconf 83' lang='lat' dir='ltr'>quoniam</span> <span class='ocrx_word' id='word_1_305' title='bbox 1218 2255 1344 2303; x_wconf 85' lang='lat' dir='ltr'>primae</span> 
     </span>
     <span class='ocr_line' id='line_1_42' title="bbox 112 2309 1344 2365; baseline -0.006 -13"><span class='ocrx_word' id='word_1_306' title='bbox 112 2315 243 2352; x_wconf 64' lang='lat' dir='ltr'>classis</span> <span class='ocrx_word' id='word_1_307' title='bbox 263 2314 438 2354; x_wconf 84' lang='lat' dir='ltr'>mittenda</span> <span class='ocrx_word' id='word_1_308' title='bbox 467 2322 608 2365; x_wconf 85' lang='lat' dir='ltr'>putem,</span> <span class='ocrx_word' id='word_1_309' title='bbox 638 2327 724 2365; x_wconf 85' lang='lat' dir='ltr'>quae</span> <span class='ocrx_word' id='word_1_310' title='bbox 755 2312 966 2362; x_wconf 84' lang='lat' dir='ltr'>descriptio,</span> <span class='ocrx_word' id='word_1_311' title='bbox 996 2310 1060 2360; x_wconf 89' lang='lat' dir='ltr'>qui</span> <span class='ocrx_word' id='word_1_312' title='bbox 1088 2322 1273 2353; x_wconf 87' lang='lat' dir='ltr'>numerus,</span> <span class='ocrx_word' id='word_1_313' title='bbox 1306 2309 1344 2344; x_wconf 85' lang='lat' dir='ltr'>in</span> 
     </span>
    </p>
   </div>
  </div>
 </body>
</html>
