1492 2531
379 43 596 82 BELLUM
636 43 658 79 J
661 42 943 81 UGURTHIN
946 43 1040 83 UM.
1276 45 1348 83 101

118 148 275 185 abesse:
307 146 427 191 simul,
463 145 518 183 uti
549 151 661 183 noctu
695 145 791 183 clam
823 160 951 183 secum
984 146 1214 197 profugeret,
1243 153 1352 197 rogat

119 207 229 251 atque
248 201 425 237 hortatur.
480 199 550 237 Ille
583 199 704 236 animo
721 200 833 236 feroci
861 206 974 250 negat
1009 214 1049 237 se
1083 200 1192 237 toties
1226 200 1351 238 susum

118 255 320 292 Numidam
368 253 653 303 pertimescere:
696 253 822 290 virtuti
859 267 1009 289 suorum
1046 253 1136 290 satis
1178 254 1349 291 credere:

120 308 229 345 etiam
260 307 292 343 si
321 313 422 344 certa
452 307 567 355 pestis
605 307 767 350 adesset,
799 320 1015 343 mansurum
1051 308 1188 355 potius,
1225 307 1352 356 quam,

119 361 273 410 proditis
306 374 401 410 quos
443 361 617 405 ducebat,
653 359 752 408 turpi
796 360 887 409 fuga
913 361 1079 400 incertae,
1118 375 1161 397 ac
1198 361 1354 398 forsitan

118 412 206 463 post
236 413 348 462 paulo
381 415 511 450 morbo
548 414 761 457 interiturae,
793 413 880 450 vitae
914 419 1092 461 parceret.
1165 413 1354 451 Caeterum

119 468 166 504 ab
195 468 323 503 eodem
350 467 527 510 monitus,
564 466 619 504 uti
646 474 758 503 noctu
792 466 1125 515 proficiscerentur,
1159 467 1355 504 consilium

118 520 301 569 adprobat
318 537 326 557 ε
355 534 398 557 ac
435 519 561 557 statim
580 520 714 557 milites
735 525 900 557 coenatos
920 534 1002 556 esse
1023 521 1059 556 in
1080 521 1224 564 castris,
1239 521 1357 571 ignis-

119 588 192 624 que
229 573 342 623 quam
376 575 632 610 creberrumos
668 574 762 618 fieri,
799 573 884 610 dein
920 572 1040 622 prima
1058 574 1188 623 vigilia
1207 574 1355 612 silentio

119 628 258 676 egredi,
285 629 407 678 jubet.
477 627 632 676 Jamque
661 632 840 663 nocturno
877 627 1006 663 itinere
1040 627 1148 664 fessis
1169 628 1357 674 omnibus,

120 680 224 718 Sulla
259 682 394 730 pariter
413 693 499 716 cum
519 687 599 718 ortu
622 679 709 717 solis
726 686 846 717 castra
863 681 1086 725 metabatur,
1107 681 1193 717 cum
1212 681 1355 730 equites

120 733 246 770 Mauri
284 735 469 778 nunciant,
502 734 738 784 Jugurtham,
776 733 921 770 circiter
958 734 1073 769 duum
1105 734 1262 770 millium
1300 735 1356 771 in-

120 787 290 831 tervallo,
325 793 409 824 ante
447 801 510 824 eos
544 786 771 824 consedisse.
828 785 939 829 Quod
974 786 1173 836 postquam
1190 788 1359 825 auditum

120 846 189 884 est,
218 849 298 877 tum
328 838 418 877 vero
446 841 577 891 ingens
606 847 727 877 metus
759 846 905 877 nostros
941 840 1108 887 invadit3
1150 842 1301 878 credere-
1318 856 1359 879 se

120 894 286 942 proditos
319 893 342 930 a
374 894 534 938 Voluce,
572 900 609 931 et
646 894 790 930 insidiis
823 894 1106 931 circumventos.
1160 895 1218 931 Ac
1251 893 1357 933 suere

120 947 185 996 qui
218 948 395 991 dicerent,
409 961 520 984 manu
540 947 816 993 vindicandum,
834 960 955 996 neque
976 948 1076 997 apud
1092 947 1195 984 illum
1214 953 1359 985 tantum

121 1000 243 1038 scelus
258 1001 417 1037 inultum
436 1001 729 1051 relinquendum.
784 1001 835 1038 At
852 1000 969 1039 Sulla.
986 1001 1214 1051 quamquam
1228 1002 1360 1039 eadem

121 1054 382 1099 exlstumabat,
416 1060 537 1091 tamen
569 1056 616 1091 ab
649 1054 781 1104 injuria
819 1053 998 1090 Maurum
1031 1055 1230 1104 prohibet;
1270 1069 1358 1093 suos

123 1108 301 1151 hortatur,
334 1107 389 1144 uti
418 1108 550 1144 fortem
579 1108 740 1144 animum
768 1112 960 1157 gererent:
991 1107 1093 1156 saepe
1126 1107 1211 1144 aute
1229 1110 1359 1157 paucis

122 1160 282 1197 strenuis
301 1161 481 1198 advorsus
515 1161 787 1198 multitudinem
815 1160 910 1197 bene
943 1168 1176 1211 pugnatum:
1218 1162 1362 1212 quanto

122 1214 194 1250 sibi
219 1214 256 1250 in
292 1214 424 1264 proelio
457 1214 578 1251 minus
613 1215 883 1263 pepercissent,
919 1213 1023 1251 tanto
1060 1215 1215 1252 tutiores
1252 1216 1356 1254 fore:

122 1281 191 1304 nec
220 1267 349 1304 decere
387 1281 624 1317 quemquam,
644 1268 708 1316 qui
743 1281 873 1304 manus
907 1269 1116 1312 armaverit,
1136 1269 1182 1305 ab
1210 1269 1361 1307 inermis

122 1320 281 1369 pedibus
314 1320 492 1357 auxilium
528 1326 669 1371 petere,
696 1326 734 1358 et
769 1321 806 1357 in
843 1334 1016 1358 maxumo
1054 1322 1219 1358 omnium
1256 1329 1361 1361 metu

123 1374 265 1410 nudum
299 1380 336 1411 et
361 1388 503 1411 caecum
532 1388 667 1423 corpus
701 1374 748 1410 ad
767 1373 885 1411 hostis
905 1383 1062 1412 vortere.
1118 1376 1217 1413 Dein
1241 1376 1362 1414 Volu-

123 1441 217 1470 cem,
253 1428 429 1477 quoniam
462 1427 611 1464 hostilia
637 1427 788 1473 faceret,
820 1427 953 1465 Jovem
984 1441 1199 1465 maxumum
1237 1431 1360 1467 obtes-

124 1486 234 1525 tatus,
269 1480 322 1518 uti
352 1480 504 1518 sceleris
530 1487 642 1531 atque
675 1481 840 1530 perfidiae
876 1481 1020 1519 Bocchi
1054 1483 1159 1518 testis
1195 1484 1361 1531 adesset,

124 1535 254 1571 castris
273 1535 375 1571 abire
389 1535 507 1584 jubet.
561 1534 629 1572 Ille
660 1533 868 1571 lacrumans
902 1549 1019 1579 orare,
1039 1534 1086 1572 ne
1105 1549 1149 1572 ea
1167 1537 1360 1575 crederet:

124 1587 215 1624 nihil
250 1587 335 1625 dolo
371 1589 524 1634 factum,
561 1602 603 1625 ao
639 1587 760 1638 magis
797 1588 995 1625 calliditate
1032 1589 1249 1638 Jugurthae:
1285 1592 1360 1637 cui,

125 1641 311 1685 videlicet,
344 1641 547 1690 spaculanti
581 1642 651 1679 iter
687 1655 795 1678 suum
831 1642 1022 1691 cognitum
1059 1649 1168 1680 esset.
1242 1643 1363 1682 Caete-

125 1709 222 1741 rum,
257 1696 429 1744 quoniam
464 1709 586 1746 neque
621 1696 808 1745 ingentem
844 1695 1119 1733 multitudinem
1139 1696 1306 1742 haberet,
1325 1704 1364 1735 et

125 1762 211 1797 spes
231 1762 394 1798 opesque
414 1749 493 1799 ejus
530 1762 577 1786 ex
612 1757 715 1813 patr-e
754 1762 821 1786 suo
841 1750 1059 1799 penderent,
1078 1751 1227 1788 credere
1255 1750 1363 1789 illum

126 1801 216 1838 nihil
235 1800 360 1850 palam
379 1815 567 1848 ausurum,
587 1817 672 1839 eum
690 1804 770 1852 ipse
788 1802 886 1840 filius
906 1804 1010 1841 testis
1030 1805 1187 1842 adesset.
1234 1804 1362 1848 Quare

126 1861 318 1904 optumum
353 1855 492 1892 factum
525 1856 652 1900 videri,
675 1870 754 1917 per
791 1857 914 1894 media
963 1859 1043 1908 ejus
1080 1863 1200 1895 castra
1236 1858 1363 1908 palam

126 1909 306 1955 transire3
332 1922 429 1953 sese,
463 1909 521 1945 vel
556 1910 770 1958 praemissis,
806 1910 866 1947 vel
887 1911 1023 1948 ibidem
1044 1911 1176 1948 relictis
1199 1910 1363 1958 Mauris,

126 1961 246 1998 solum
283 1975 366 1998 cum
401 1961 507 1998 Sulla
526 1963 675 2001 iturum.
731 1963 788 2000 Ea
806 1977 876 2008 res,
896 1970 936 2001 ut
954 1965 991 2001 in
1011 1964 1077 2001 tali
1096 1965 1259 2015 negotio,
1279 1979 1364 2014 pro-

127 2015 236 2052 bata:
282 2029 324 2051 ac
345 2014 471 2052 statim
497 2016 665 2064 profecti,
685 2017 771 2066 quia
797 2018 840 2054 de
876 2018 1079 2067 improviso
1116 2026 1362 2066 accesserant,

128 2068 239 2105 dubio
276 2074 387 2118 atque
433 2068 626 2107 haesitante
678 2070 875 2120 Jugurtha,
911 2070 1107 2108 incolumis
1157 2078 1363 2112 transeunt.

129 2121 230 2158 Dein
262 2123 394 2172 paucis
424 2122 566 2167 diebus,
596 2121 672 2173 quo
708 2123 760 2160 ire
779 2124 1023 2170 intenderant,
1055 2131 1274 2174 perventum
1292 2133 1363 2164 est.

127 2174 186 2211 Ibi
215 2188 299 2211 cum
316 2175 465 2212 Boccho
491 2175 657 2213 Numida
686 2177 850 2226 quidam,
870 2178 994 2225 Aspar
1024 2179 1184 2224 nomine,
1204 2179 1362 2217 multum

129 2232 167 2264 et
184 2227 408 2265 familiariter
438 2230 597 2279 agebat3
625 2231 839 2278 praemissus
875 2232 922 2268 ab
940 2231 1140 2281 Jugurtha,
1160 2232 1362 2281 postquam

127 2279 269 2319 Sullam
301 2260 483 2319 accitum&
491 2282 673 2330 audierat,
709 2289 843 2329 orator,
880 2290 917 2322 et
952 2285 1111 2324 subdole
1131 2285 1362 2335 speculatum
