1492 2531
474 101 535 140 IN
571 99 922 139 SALLUSTIUM.
1242 97 1315 135 163

82 206 296 244 intestinum
334 204 488 249 bellum,
526 210 563 241 et
595 203 842 240 domesticum
878 203 981 240 urbis
1015 202 1225 239 incendium
1255 214 1318 238 ex-

82 261 219 298 stinxi?
273 258 407 309 Neque
427 264 463 295 te
489 258 543 294 tui
571 257 686 307 piget,
705 257 816 294 homo
841 256 1041 301 levissime,
1076 256 1160 291 cum
1178 268 1220 291 ea
1240 254 1319 292 cul-

82 327 162 363 pas,
181 327 265 363 quae
294 313 331 349 in
358 311 519 350 historiis
554 310 642 347 mihi
667 309 795 360 gloriae
828 309 962 347 ducis?
1003 308 1063 345 An
1083 308 1227 358 turpius
1248 314 1318 355 est,

84 367 129 404 Ρ.
159 367 212 412 C.,
241 366 462 406 scribentem
493 363 653 406 mentiri,
680 362 792 413 quam
819 363 924 400 illum
943 361 1068 412 palam
1087 362 1157 398 hoc
1188 361 1318 399 ordine

83 420 299 459 dicentem?
330 419 430 455 Nam
461 418 561 467 quod
587 430 706 454 meam
742 421 889 454 aetatem
919 415 1145 464 increpuisti,
1174 415 1318 452 tantum

83 487 142 511 me
155 475 286 513 abesse
302 478 394 522 puto
413 472 460 509 ab
478 470 720 520 impudicitia,
754 470 932 520 quantum
965 475 1007 506 tu
1038 470 1127 506 abes
1160 467 1183 505 a
1213 468 1320 518 pudi—

85 527 183 564 citia.
241 527 316 566 Sed
335 525 425 575 quid
443 539 513 575 ego
534 525 578 560 de
595 529 631 560 te
650 525 759 574 plura
778 524 941 573 querar?
982 522 1084 566 Quid
1104 522 1199 559 enim
1220 535 1320 558 men-

85 580 145 617 tiri
164 586 275 632 turpe
296 580 424 624 duces,
443 578 508 628 qui
526 577 613 614 mihi
635 591 746 614 ausus
777 578 827 614 sis
847 576 1097 626 eloquentiam
1116 573 1173 612 uti
1191 575 1320 612 vitium

86 634 278 684 objicere}
325 633 431 683 cujus
465 645 610 682 semper
641 644 780 668 nocens
816 630 951 680 eguisti
989 629 1206 679 patrocinio.
1260 629 1321 666 An

85 687 203 725 ullum
223 689 425 726 existumas
445 698 554 735 posse
574 685 654 721 fieri
673 685 790 722 civem
819 683 1023 733 egregium,
1056 682 1120 732 qui
1155 696 1229 718 non
1259 682 1316 719 his

86 741 225 778 artibus
245 748 281 779 et
300 738 504 789 disciplinis
525 738 572 775 sit
590 738 785 775 eruditus?
845 737 902 775 An
929 736 1002 773 ulla
1025 736 1096 772 alia
1114 741 1222 784 putas
1242 749 1322 772 esse

86 795 296 832 rudimenta
313 798 350 830 et
374 791 601 829 incunabula
618 791 775 835 virtutis,
809 791 944 839 quibus
981 790 1090 826 animi
1115 789 1163 825 ad
1195 788 1322 838 gloriae

87 848 324 898 cupiditatem
349 845 525 884 aluntur?
563 845 640 881 Sed
669 843 818 881 minime
849 844 981 880 mirum
1015 848 1084 888 est,
1120 841 1162 878 P.
1206 843 1264 888 C„
1293 844 1324 879 si

86 900 210 945 homo,
231 901 295 950 qui
314 899 466 937 desidjae
496 912 539 935 ac
571 898 728 935 luxuriae
760 897 891 946 plenus
928 897 988 942 sit,
1023 896 1101 932 haec
1135 893 1191 931 uti
1225 908 1325 933 nova

86 958 198 1003 atque
228 954 404 991 inusitata
427 952 589 989 miratur.
646 951 748 989 Nam
785 950 886 1000 quod
916 950 988 986 ista
1018 947 1195 986 inusitata
1223 949 1324 986 rabie

86 1006 297 1056 petulanter
327 1007 365 1043 in
397 1019 551 1044 uxorem
587 1014 624 1045 et
659 1006 696 1042 in
728 1004 840 1041 filiam
872 1017 991 1040 meam
1027 1002 1208 1047 invasisti,
1242 1016 1325 1052 quae

87 1060 232 1098 facilius
258 1060 431 1098 mulieres
450 1058 472 1095 a
491 1059 578 1096 viris
599 1058 868 1101 abstinuerunt,
888 1055 1001 1107 quam
1027 1062 1067 1094 tu
1093 1056 1149 1093 vir
1175 1054 1198 1091 εὶ
1224 1056 1327 1102 viris,

89 1112 180 1152 satis
217 1112 329 1151 docte
360 1127 403 1149 ac
438 1112 556 1162 perite
595 1112 727 1152 fecisti.
795 1111 883 1147 Non
925 1110 1022 1146 enim
1067 1123 1123 1146 me
1171 1108 1327 1158 sperasti

89 1172 255 1204 mutuam
274 1166 344 1203 tibi
380 1166 535 1215 gratiam
566 1167 783 1210 relaturum,
819 1170 856 1201 et
888 1162 1050 1200 vicissim
1068 1168 1150 1199 tuas
1170 1162 1329 1212 compel-

89 1219 261 1257 laturum.
325 1219 432 1256 Unus
470 1221 566 1256 enim
594 1220 686 1257 satis
720 1233 760 1255 es
795 1218 957 1254 materiae
992 1217 1158 1254 habens:
1206 1229 1328 1266 neque

89 1274 294 1324 quidquam
329 1273 474 1321 turpius
499 1279 556 1310 est
584 1273 682 1311 domi
713 1278 801 1317 tuae,
830 1269 943 1320 quam
971 1277 1023 1306 tu.
1094 1268 1258 1307 Multum
1292 1275 1328 1306 te

90 1325 179 1364 vero
198 1327 322 1376 opinio
341 1325 448 1370 fallit,
469 1327 532 1376 qui
563 1328 651 1364 mihi
677 1325 817 1376 putasti
842 1337 972 1373 parare
991 1324 1166 1360 invidiam
1185 1336 1230 1360 ex
1247 1323 1331 1360 mea

91 1394 130 1417 re
163 1380 333 1417 familiari
345 1394 355 1426 3
391 1393 476 1428 quae
510 1379 627 1418 multo
664 1378 752 1416 mihi
798 1378 917 1414 minor
946 1382 1015 1422 est,
1048 1376 1161 1427 quam
1194 1376 1330 1414 habere

91 1433 227 1484 dignus
246 1447 340 1471 sum.
396 1432 522 1482 Atque
543 1434 682 1470 utinam
703 1429 750 1468 ne
770 1436 872 1468 tanta
890 1431 1039 1480 quidem
1060 1436 1172 1476 esset,
1188 1435 1328 1479 quanta

91 1501 132 1524 es
159 1502 168 1533 ;
197 1485 251 1523 uti
270 1486 392 1536 potius
424 1486 533 1522 amici
550 1488 623 1524 mei
641 1488 819 1530 viverent,
847 1484 960 1535 quam
993 1498 1063 1534 ego
1097 1484 1327 1521 testamentis

93 1553 218 1577 eorum
237 1539 458 1589 locupletior
491 1542 642 1579 essem!
698 1539 782 1589 Ego
811 1538 942 1587 fugax,
979 1538 1110 1588 Crispe
1144 1536 1330 1573 Sallusti?

94 1593 223 1630 Furori
253 1594 390 1630 tribuni
408 1593 528 1642 plebis
548 1594 669 1631 cessi:
699 1592 825 1631 utilius
857 1591 961 1636 duxi,
994 1591 1178 1628 fortunam
1207 1604 1335 1640 quam-

94 1646 148 1682 vis
167 1661 259 1685 unus
291 1646 462 1696 experiri,
490 1645 602 1696 quam
631 1648 805 1684 universo
836 1645 979 1694 populo
1012 1644 1180 1681 Romano
1214 1643 1333 1680 civilis

97 1714 158 1736 ess
181 1713 216 1736 m
245 1699 484 1737 dissensionis
505 1714 638 1737 causa:
670 1699 746 1751 qui,
765 1704 893 1748 postea
909 1696 1021 1747 quam
1040 1698 1099 1735 ille
1133 1711 1241 1735 suuni
1273 1710 1336 1734 an—

95 1766 184 1789 num
210 1754 247 1790 in
266 1751 462 1803 republica
480 1754 752 1802 perbacchatus
771 1764 828 1789 est
846 1766 856 1797 3
884 1752 1095 1802 omniaque,
1123 1763 1207 1801 quae
1239 1764 1336 1787 com-

95 1812 272 1852 moverat,
290 1819 381 1854 pace
403 1811 439 1843 et
473 1807 546 1843 otio
576 1808 818 1850 resederunt;
864 1804 934 1841 hoc
966 1805 1092 1842 ordine
1125 1809 1336 1850 revocante,

97 1865 210 1910 atque
240 1860 321 1908 ipsa
350 1859 543 1909 republica
577 1874 689 1897 manu
718 1858 924 1897 retrahente
960 1873 1033 1905 me,
1064 1858 1208 1896 reverit.
1263 1857 1336 1902 Qui

97 1914 186 1950 mihi
222 1913 312 1957 dies,
351 1913 381 1949 si
400 1927 485 1950 cum
504 1914 602 1950 omni
621 1914 766 1963 reliqua
785 1912 860 1949 vita
874 1911 1097 1956 conferatur,
1121 1912 1242 1948 auimo
1262 1910 1340 1961 qui-

98 1966 182 2004 dem
214 1980 297 2003 meo
323 1973 487 2016 superet,
522 1967 615 2017 cumv
637 1967 801 2004 universi
826 1979 907 2008 VOS,
933 1965 1170 2016 populusque
1205 1964 1338 2002 Roma-

99 2033 169 2057 nus
205 2020 376 2069 frequens
412 2020 588 2057 adventui
621 2034 703 2056 meo
751 2017 955 2070 gratulatus
998 2024 1067 2058 est.
1129 2018 1241 2055 Tanti
1278 2031 1336 2054 me

100 2073 284 2123 fugacem,
302 2075 567 2110 mercenarium
592 2078 802 2123 patronum,
834 2072 872 2107 hi
906 2072 1193 2110 aestimaverunt.
1259 2072 1339 2108 Ne-

101 2139 173 2175 que
209 2124 359 2164 hercule
405 2127 538 2164 mirum
575 2132 645 2169 est,
679 2127 710 2163 si
742 2140 812 2174 ego
849 2139 993 2174 semper
1019 2127 1139 2176 justas
1177 2125 1338 2163 omnium

101 2179 280 2216 amicitias
314 2180 507 2217 aestimavi.
573 2179 663 2216 Non
700 2180 797 2216 enim
831 2179 896 2215 uni
939 2178 1112 2228 privatim
1146 2179 1337 2216 ancillatus

104 2245 200 2278 sum,
219 2246 340 2281 neque
361 2246 419 2269 me
439 2232 587 2279 addixi3
615 2233 694 2278 sed,
722 2232 901 2283 quantum
934 2232 1091 2281 quisque
1124 2232 1337 2282 reipublicae

102 2285 255 2328 studuit,
294 2286 436 2322 tantum
472 2285 561 2322 mihi
592 2285 643 2321 fui
669 2292 733 2323 aut
762 2286 899 2321 amicus
928 2290 992 2321 aut
1018 2286 1199 2323 inimicus.
1254 2286 1336 2335 Ego

101 2338 190 2374 nihil
216 2338 299 2387 plus
330 2338 431 2376 volui
466 2338 587 2376 valere
625 2338 738 2388 quam
767 2351 923 2389 pacem:
971 2338 1077 2376 multi
1108 2339 1333 2389 privatorum
