1492 2531
125 83 176 120 80
601 84 877 123 SALLUSTII

122 189 335 239 fugatique:
380 188 540 225 Romani
573 188 763 238 signorum
806 195 843 226 et
878 203 1075 234 armorum,
1104 196 1141 228 et
1171 190 1361 242 aliquanto

122 257 276 281 numero
311 242 487 288 hostium,
519 242 637 291 potiti.
692 242 793 279 Nam
820 243 936 280 ferme
965 243 1150 282 Numidas
1177 246 1215 282 in
1249 246 1364 283 omni-

120 299 192 335 bus
226 295 364 346 proeliis
401 294 523 345 magis
561 296 690 344 pedes,
724 295 837 346 quam
866 310 968 334 arma
1002 303 1119 335 tutata
1152 304 1249 336 sunt.
1303 300 1363 337 Ea

121 352 212 402 suga
230 349 429 399 Jugurtha,
449 347 656 398 impensius
684 350 795 386 modo
816 351 928 387 rebus
957 350 1033 388 suis
1057 352 1242 396 diffidens,
1277 366 1361 389 cum

119 404 298 455 perfugiS‚
319 408 356 439 et
375 407 478 452 parte
512 402 715 451 equitatfis,
745 403 780 438 in
816 403 1048 450 solitudines,
1077 405 1160 441 dein
1191 405 1361 450 Thalam,

119 457 302 508 pervenit,
331 456 368 492 in
398 455 578 505 oppidum
615 470 790 504 magnum
828 462 864 493 et
894 457 1134 506 opulentum3
1166 459 1227 495 ubi
1254 459 1364 509 pleri-

121 526 194 562 que
240 510 416 555 thesauri,
467 508 701 559 filiorumque
742 510 822 559 ejus
858 510 995 547 multus
1031 511 1200 560 pueritiae
1238 512 1360 550 cultus

120 571 210 602 erat,
280 562 376 606 Quae
419 562 620 611 postquam
658 562 815 600 Metello
861 569 1051 613 comperta
1085 570 1194 611 sunt;
1236 579 1363 616 quam-

118 618 231 668 quizm
257 617 353 653 inter
376 616 533 652 Thalam
564 617 778 665 flumenque
810 630 1046 666 proxumum,
1080 618 1117 654 in
1147 619 1266 667 spatio
1286 619 1363 655 mil-

118 672 208 708 lium
237 670 520 721 quinquaginta‚
556 669 640 706 loco
660 670 763 706 arida
792 676 903 719 atque
928 677 1033 708 vasta
1062 685 1143 708 esse
1176 685 1364 722 cognove-

118 731 202 771 rat3
250 731 387 767 tamen,
425 737 490 772 spe
527 723 697 771 patrandi
731 723 832 769 belli,
875 726 906 761 si
939 725 1019 775 ejus
1060 725 1189 774 oppidi
1220 726 1362 775 potitus

118 779 228 824 foret,
255 777 375 815 omnis
409 777 628 825 asperitates
661 777 926 825 supervadere,
968 791 1010 814 ac
1047 783 1216 815 naturam
1250 779 1361 816 etiam

81 878 84 882 Ι
118 833 268 868 vincere
289 831 516 882 aggreditur.
570 830 690 880 Igitur
726 832 849 867 omnia
876 833 1046 881 jumenta
1065 832 1219 868 sarcinis
1242 832 1360 869 levari

113 887 235 936 jubet,
267 885 337 921 nisi
379 884 562 920 frumento
596 884 739 920 dierum
772 895 832 929 X.;
880 884 1056 921 caeterum
1098 883 1191 922 utris
1236 884 1362 932 modo,

118 945 154 976 et
191 939 261 975 alia
309 951 416 988 aquae
463 937 611 983 idonea,
656 938 805 985 portari.
869 937 1060 975 Praeterea
1096 938 1281 988 conquirit
1316 952 1362 976 ex

118 993 219 1043 agris
250 991 361 1041 quam
399 990 601 1040 plurimum
633 996 758 1040 potest
789 991 917 1028 domiti
948 991 1118 1041 pecoris:
1150 1005 1268 1042 eoque
1296 992 1363 1028 im-

119 1047 226 1096 ponit
254 1059 345 1082 vasa
374 1045 554 1094 cujusque
585 1045 697 1087 modi,
731 1044 798 1080 sed
830 1044 1007 1095 pleraque
1040 1044 1176 1094 lignea,
1203 1045 1362 1083 collecta

119 1114 164 1137 ex
186 1099 344 1148 tuguriis
372 1097 633 1134 Numidarum.
688 1097 749 1134 Ad
779 1097 862 1143 hoo,
890 1098 1066 1134 finitumis
1091 1099 1263 1148 imperat,
1298 1101 1362 1148 qui

121 1166 159 1190 se
180 1158 266 1202 post
293 1151 392 1201 regis
424 1150 552 1200 fugam
574 1149 731 1187 Metello
765 1150 998 1194 dediderant,
1022 1149 1134 1200 quam
1164 1152 1362 1201 plurimum

120 1207 280 1257 quisque
309 1218 417 1254 aquae
449 1210 636 1254 portaret:
667 1204 763 1240 diem
797 1204 1010 1255 locumque,
1048 1206 1110 1241 ubi
1141 1203 1281 1254 praesto
1310 1206 1364 1243 so-

118 1265 212 1306 rent,
239 1258 419 1308 praedicit.
473 1257 562 1306 Ipse
597 1271 642 1294 ex
665 1258 829 1303 flumine,
856 1272 966 1306 quam
986 1272 1205 1307 proxumam
1227 1272 1360 1307 aquam

120 1313 258 1363 oppido
292 1326 374 1349 esse
413 1310 526 1359 supra
561 1311 735 1353 diximus,
760 1312 929 1360 jumenta
962 1317 1100 1349 onerat.
1167 1312 1223 1349 Eo
1250 1313 1362 1350 modo

119 1368 336 1411 instructus,
372 1365 417 1401 ad
447 1364 601 1400 Thalam
628 1364 886 1413 proficiscitur.
940 1365 1038 1401 Dein
1057 1366 1122 1402 ubi
1152 1365 1198 1402 ad
1225 1366 1265 1402 id
1291 1365 1361 1402 loci

121 1426 285 1465 ventum,
314 1418 390 1468 quo
422 1418 597 1454 Numidis
630 1424 882 1467 praeceperat3
911 1423 948 1454 et
980 1424 1101 1454 eastra
1131 1419 1252 1468 posita
1285 1432 1364 1456 mu-

120 1474 272 1523 nitaque
299 1477 408 1517 sunt;
436 1477 540 1508 tanta
569 1470 722 1520 repente
746 1471 838 1508 coslo
866 1471 981 1508 missa
1010 1472 1065 1509 vis
1090 1485 1198 1522 aquae
1218 1472 1363 1519 dicitur,

121 1533 162 1564 ut
195 1541 240 1564 ea
280 1523 393 1562 modo
431 1525 611 1561 exercitui
643 1522 734 1561 satis
778 1538 965 1574 superque
1000 1525 1106 1562 foret.
1177 1525 1364 1562 Praeterea.

121 1586 350 1617 commeatus
388 1592 453 1627 spe
491 1578 670 1627 amplior3
718 1578 803 1628 quia
821 1578 1013 1624 Numidae,
1045 1578 1156 1615 sicuti
1195 1579 1363 1630 plerique

120 1635 158 1671 in
190 1632 289 1671 nova
322 1632 523 1676 deditione,
561 1631 679 1668 officia
709 1632 949 1668 intenderant.
1005 1631 1188 1669 Caeteriim
1217 1632 1364 1676 milites,

120 1687 315 1737 religione,
348 1685 478 1736 pluvia
512 1684 634 1735 magis
671 1685 748 1722 usi:
779 1699 898 1735 eaque
935 1699 992 1722 res
1040 1685 1196 1722 multum
1233 1686 1363 1722 animis

123 1755 249 1779 eorum
298 1739 459 1785 addidit3
501 1752 588 1775 narn
619 1739 687 1775 rati
730 1752 810 1775 sese
856 1739 925 1774 diis
957 1739 1227 1776 immortalibus
1264 1752 1362 1775 eurae

123 1808 218 1833 esse.
291 1793 391 1830 Dein
426 1797 577 1842 postero
627 1793 699 1835 die,
745 1797 873 1828 contra
909 1792 1118 1840 opinionem
1155 1792 1364 1842 Jugurthae,

122 1849 170 1885 ad
187 1846 343 1884 Thalam
376 1845 608 1895 perveniunt.
665 1845 869 1895 Oppidani,
897 1845 960 1894 qui
992 1859 1031 1882 se
1063 1845 1227 1883 locorum
1256 1858 1365 1894 aspe-

121 1902 229 1938 ritate
265 1901 426 1936 munitos
461 1899 708 1943 crediderant,
738 1899 875 1947 magna
904 1905 1015 1948 atque
1035 1898 1185 1936 insolita
1213 1912 1251 1935 re
1277 1911 1362 1948 per-

125 1954 232 1999 culsi,
267 1953 383 1989 nihilo
417 1952 569 2002 segnius
606 1952 747 1988 bellum
775 1965 922 2000 parare:
952 1952 1051 1988 idem
1083 1953 1197 1989 nostri
1230 1952 1364 1988 facere.

123 2008 199 2046 Sed
222 2020 301 2053 rex,
332 2006 421 2043 nihil
449 2008 527 2056 jam
557 2005 713 2042 Metello
735 2005 912 2041 infectum
940 2007 1108 2051 credens,
1131 2005 1269 2056 quippe
1299 2006 1363 2055 qui

123 2061 259 2106 omnia,
292 2073 406 2103 arma,
432 2058 520 2103 tela,
552 2058 650 2104 loca,
681 2064 862 2107 tempora,
900 2059 1059 2107 denique
1092 2064 1260 2095 naturam
1308 2058 1365 2108 ip-

123 2128 215 2160 sam,
246 2113 392 2150 caeteris
436 2112 720 2161 imperitantem,
752 2110 933 2149 industria
967 2113 1120 2156 vicerat,
1148 2125 1230 2148 cum
1266 2111 1364 2148 libe·

123 2169 188 2212 ris,
207 2173 244 2204 et
270 2164 406 2215 magna
440 2170 541 2214 parte
573 2165 758 2213 pecuniae,
793 2179 838 2202 ex
869 2165 1006 2214 oppido
1030 2163 1143 2201 noctfi
1174 2165 1364 2214 profugit3

126 2234 248 2270 neque
267 2218 399 2269 postea
417 2219 454 2255 in
481 2217 558 2254 ullo
586 2217 669 2254 loco
694 2218 854 2267 amplius
879 2218 954 2254 uua
972 2218 1045 2261 die,
1063 2223 1128 2254 aut
1147 2219 1222 2254 una.
1240 2223 1362 2261 nocte,

127 2280 304 2318 moratus,
322 2272 520 2309 simulabat
553 2285 634 2308 sese
670 2272 812 2321 nogotii
847 2270 967 2321 gratia
999 2284 1220 2320 properare3
1259 2277 1365 2308 caete-

128 2327 209 2364 rum
252 2326 499 2376 proditionem
527 2324 695 2371 timebat,
728 2338 839 2374 quam
875 2324 992 2362 vitare
1028 2338 1140 2374 posse
1178 2325 1362 2362 celeritate
