1492 2531
414 465 492 505 IN
542 461 1029 506 SALLUSTIUM

441 618 968 674 DECLAMATIO
996 639 1009 678 3

243 793 370 838 QUAE
408 791 678 830 CICERONI
710 773 876 830 FALSo
904 790 1206 829 TRIBUITUR.

115 944 228 1024 ΕΑ
246 946 391 982 demum
408 959 542 995 magna
578 944 748 994 voluptas
768 951 838 989 est,
859 943 990 995 Crispe
1009 944 1175 990 Sallusti,
1210 958 1335 994 aequa-

234 999 307 1036 lem
340 1005 377 1036 et
407 1013 534 1049 parem
563 999 686 1036 verbis
706 1000 817 1036 vitam
837 1012 960 1048 agere,
979 1012 1098 1057 neque
1130 998 1334 1058 quidquam

109 1060 181 1090 tarn
220 1054 438 1090 obscoenum
475 1053 613 1096 dicere,
634 1052 692 1089 cui
724 1067 798 1089 non
831 1053 878 1089 ab
912 1052 1015 1088 initio
1035 1052 1201 1101 pueritiae
1238 1052 1335 1088 omni

111 1120 247 1155 genere
268 1105 442 1143 facinoris
463 1112 552 1142 aetas
583 1112 646 1142 tua
665 1106 899 1155 respondeat,
919 1112 958 1142 ut
978 1105 1095 1141 omnis
1116 1105 1230 1142 oratio
1262 1118 1337 1141 mo-

109 1157 420 1197 ribus'eonsonet.
476 1159 611 1210 Neque
635 1159 745 1204 enirn,
766 1160 827 1209 qui
860 1159 910 1195 ita
941 1159 1040 1202 vivit,
1058 1157 1113 1195 uti
1141 1164 1195 1200 tu,
1215 1157 1334 1202 aliter,

109 1227 151 1249 ac
171 1219 225 1258 tu,
244 1213 343 1262 loqui
363 1219 506 1261 potest:
537 1227 672 1262 neque,
692 1213 755 1262 qui
790 1220 864 1250 tam
882 1213 984 1249 illoto
1012 1225 1177 1248 sermone
1212 1212 1335 1251 utitur,

109 1267 185 1303 vitei
203 1266 389 1302 honestior
409 1273 475 1304 est.
533 1264 617 1310 Quo
637 1280 694 1302 me
715 1272 866 1309 vertam,
887 1267 931 1304 P.
970 1266 1041 1303 C.'?
1069 1264 1167 1301 unde
1193 1265 1336 1302 initium

110 1320 283 1356 sumam?
310 1318 431 1367 majus
467 1320 561 1356 enim
597 1319 685 1355 mihi
715 1320 860 1356 dicendi
890 1333 984 1357 onus
1016 1319 1227 1367 imponitur,
1260 1319 1336 1368 quo

108 1373 228 1416 notior
270 1378 325 1409 est
360 1378 515 1424 uterque
535 1372 715 1410 nostrum.
783 1371 894 1417 Quod
914 1374 944 1409 si
973 1378 1035 1409 aut
1065 1373 1109 1408 de
1130 1371 1212 1409 meai
1247 1373 1336 1413 vitzi,

110 1432 220 1474 atque
256 1426 399 1462 actibus
435 1427 583 1471 nostris,
617 1427 702 1463 huic
735 1427 971 1464 conviciatori
1006 1426 1246 1475 respondero,
1284 1426 1338 1461 in-

110 1479 206 1515 vidia
236 1478 390 1529 gloriam
426 1486 696 1530 consequetur:
744 1488 819 1526 aut,
848 1481 879 1517 si
911 1482 1017 1530 hujus
1053 1480 1164 1522 facta,
1201 1493 1335 1524 mores,

110 1546 253 1569 omnem
282 1538 429 1570 aetatem
457 1534 658 1577 nudavero,
690 1534 725 1570 in
762 1534 859 1570 idem
896 1534 1023 1571 vitium
1059 1533 1217 1569 incidam
1253 1546 1337 1582 pro-

110 1586 284 1631 cacitatis,
304 1587 405 1634 quod
422 1586 507 1623 huic
528 1587 673 1637 objicio.
740 1587 784 1624 Id
803 1602 882 1633 vos,
902 1589 931 1623 si
968 1587 1060 1624 forte
1097 1586 1334 1630 offendimini,

104 1639 240 1688 justius
268 1639 365 1685 huic,
385 1639 497 1689 quarn
530 1641 630 1687 mihi,
661 1654 882 1678 succensere
920 1641 1075 1684 debetis,
1096 1641 1160 1689 qui
1191 1640 1335 1676 initium

108 1692 323 1729 introduxit.
393 1693 474 1742 Ego
507 1694 604 1731 dabo
641 1708 804 1744 operam,
841 1700 881 1731 ut
917 1700 953 1731 et
988 1707 1053 1744 pro
1090 1707 1147 1729 me
1183 1693 1333 1730 minimo

110 1758 194 1781 curn
230 1745 375 1782 fastidio
412 1748 665 1796 respondeam,
700 1755 736 1784 et
771 1749 808 1784 in
843 1748 941 1785 hunc
976 1746 1126 1784 minime
1163 1747 1335 1783 mentitus

110 1814 192 1836 esse
214 1799 346 1836 videar.
399 1799 485 1837 Scio
512 1814 583 1845 me,
602 1801 645 1838 P.
667 1800 723 1844 C.‚
755 1801 791 1838 in
810 1801 1071 1851 respondendo
1091 1814 1165 1837 non
1200 1799 1335 1837 habere

108 1866 282 1912 magnam
300 1854 626 1901 exspectationem,
646 1852 748 1904 quod
766 1855 908 1892 nullum
940 1869 1006 1892 vos
1039 1854 1163 1891 sciatis
1198 1867 1336 1890 novum

109 1906 246 1942 crimen
264 1906 301 1942 in
331 1905 547 1944 Sallustium
576 1909 778 1955 audituros,
797 1910 863 1946 sed
896 1909 1017 1944 omnia
1045 1914 1171 1945 vetera
1205 1920 1335 1954 recog-

110 1959 276 1995 nituros·
268 1988 278 2005 ,
320 1959 402 2007 quis
439 1966 474 1997 et
509 1975 614 2005 meae,
645 1967 680 1998 et
715 1969 846 1999 vestrae
878 1963 969 2012 jam,
1005 1967 1042 1998 et
1076 1962 1193 2011 ipsius
1227 1974 1335 1997 aures

109 2012 245 2057 calent
301 2011 442 2051 Verum
462 2013 505 2051 eo
537 2028 657 2063 magls
677 2015 799 2053 odisse
830 2016 972 2052 debetis
992 2015 1187 2057 hominem,
1207 2015 1270 2063 qui
1290 2028 1334 2051 ne

109 2066 287 2114 incipiens
325 2067 472 2114 quidem
501 2082 656 2117 peccare
692 2069 850 2105 minimis
885 2069 994 2105 rebus
1014 2068 1138 2116 posuit
1155 2068 1336 2104 rudimen

111 2125 187 2155 tum
205 2135 212 2155 :
243 2119 307 2156 sed
327 2119 379 2156 ita
396 2120 584 2170 ingressus
603 2127 671 2168 est,
689 2121 745 2158 uti
777 2136 896 2171 neque
931 2122 977 2158 ab
996 2121 1068 2159 alio
1087 2121 1185 2159 vinci
1204 2121 1334 2170 possit,

110 2185 230 2222 neque
257 2174 335 2221 ipse
372 2187 411 2209 se
447 2175 595 2211 omnino
629 2175 771 2225 reliqu&
806 2182 914 2213 aetate
946 2176 1147 2225 praeterire.
1203 2174 1334 2223 ltaque

111 2225 198 2261 nihil
235 2226 336 2262 aliud
371 2228 508 2273 studet,
537 2228 619 2272 nisi,
653 2227 706 2265 uti
738 2229 942 2265 lutulentus
975 2243 1050 2275 sus,
1083 2243 1166 2264 cum
1202 2229 1333 2276 quovis

110 2279 276 2316 volutari.
331 2279 462 2330 Longe
481 2279 570 2318 vero
606 2281 743 2318 fallitur
778 2283 962 2331 opinione.
1024 2282 1111 2319 Non
1133 2281 1228 2317 enim
1248 2294 1333 2329 pro-

111 2332 264 2369 cacitate
298 2333 435 2383 linguae
472 2335 556 2374 vitae
592 2335 719 2372 sordes
755 2335 950 2381 eluuntur3
978 2336 1045 2372 sed
1077 2341 1133 2373 est
1163 2335 1332 2383 quaedam
