1492 2531
646 83 778 109 INDEX.

140 184 192 212 1‘2.
226 181 427 220 Semproniae,
445 182 496 210 13.
520 177 629 209 Plebis
649 177 713 207 Ro-

136 235 250 258 rnanae,
269 226 320 253 17.
364 223 493 254 Catonis
508 229 540 251 et
566 221 713 255 Caesaris‚

140 272 204 341 {iiie
218 317 249 340 et
262 309 451 343 Atherbaus,
466 311 518 338 49.
551 307 717 347 Calpurnii

238 267 362 297 AEmilii
378 266 498 299 scauri,
515 266 565 294 46.
599 264 714 304 Jugur-
748 263 917 304 Elephanti

1290 66 1362 102 165)

976 261 1184 292 Numidarum
1238 267 1370 299 quatuor

789 308 885 348 capti,
902 306 1109 347 quadraginta
1130 302 1298 337 interfecti,
1315 304 1367 330 (38.

136 355 266 387 Bestiae,
283 355 335 383 53.
380 352 416 382 C.
433 351 543 385 Marii,
557 352 608 380 74.
642 351 713 380 Me·
747 349 897 390 Epistolae
917 351 989 380 duae
1015 348 1182 387 (Sallustio
1206 344 1286 375 salso
1312 345 1367 374 :td-

139 399 217 432 telli,
235 398 284 426 63.
307 397 361 431 74,
375 396 427 425 75.
471 394 576 429 Sullae,
593 395 645 423 94.

96 443 209 472 Cicero
224 450 294 470 cum
307 438 447 468 Antonio
472 437 592 474 consul,
605 437 713 467 homo-

137 493 247 517 novus,
264 485 316 513 12).
342 481 459 510 Fulviae
474 488 505 511 et
519 480 605 511 Curii
620 490 714 520 opera
729 491 731 505 r
745 479 919 509 Eumenem

138 526 284 557 Catilinae
297 524 429 558 consnlia
439 534 471 554 et
481 523 615 553 insidias
627 523 714 553 dete-

136 570 192 609 git,
215 571 261 602 13,
284 569 330 598 14.
352 567 574 606 Allobrogibus
588 566 627 596 de
642 576 715 596 con-

131 613 246 652 juratis
269 610 439 651 prodendis
463 615 622 650 praecepta
647 610 714 646 dat,

138 658 190 686 21.
213 654 389 694 conjuratos
401 653 442 683 ad
456 663 489 682 se
501 652 671 683 accersitos
683 655 712 683 in

139 699 240 728 aedem
271 696 457 727 Concordiae
485 696 592 725 venire
612 695 713 736 jubet,

135 741 196 783 quo
212 741 362 770 Senatum
376 746 540 774 convocat,
557 741 609 769 22¹.

95 784 184 816 Cirta
199 785 217 813 εἰ
231 783 388 823 Jugurtha
408 781 579 818 obsidetur,
595 784 648 812 50.
683 788 715 813 et

137 829 166 858 ei
181 826 323 857 traditur.
339 829 391 856 5⁶2.

94 869 267 912 Conjurati.
297 871 327 900 8.
383 869 521 899 humano
562 867 712 908 sanguine

130 911 348 955 jusjurandum
365 912 520 946 sanciunt,
539 915 590 941 11.
628 911 711 951 capti

132 957 171 987 ad
201 958 348 986 Senatum
388 954 553 991 ducuntur,
583 956 634 984 ¹22.
678 955 710 983 in

131 1009 257 1030 carcere
273 1004 432 1033 necantur,
449 999 501 1029 32.

90 1042 256 1072 Cornelius
292 1051 388 1081 eques
436 1040 475 1070 ad
523 1041 710 1071 Ciceronem

131 1084 339 1116 occidendum
362 1094 490 1124 operam
506 1094 595 1114 suam
619 1084 709 1125 polli-

130 1136 228 1162 cetur,
246 1130 298 1157 14.

89 1172 189 1202 Cottae
205 1169 341 1201 consulis
365 1169 466 1200 oratio
483 1170 520 1201 ad
542 1170 709 1212 Populum,

135 1215 204 1244 1:33.

89 1258 232 1291 Crassus,
274 1256 325 1287 cui
368 1255 535 1296 Pompeius
575 1255 707 1291 invisus,

130 1299 355 1340 conjurationis
370 1309 433 1328 non
448 1300 578 1339 ignarus
591 1299 662 1337 fuit,
679 1303 707 1331 9.

131 1344 151 1373 ὲ,
166 1343 337 1383 Tarquinio
352 1343 541 1376 nominatur,
559 1343 613 1372 23.

88 1386 202 1416 Curius
231 1387 246 1415 ὲ
274 1386 446 1426 conjuratis
475 1395 566 1419 unus,
597 1392 707 1416 senatu

130 1428 299 1470 aliquando
314 1428 419 1468 probri
438 1427 539 1466 gratia
559 1427 576 1457 a
598 1439 706 1459 censo-

129 1473 216 1502 ribus
244 1481 359 1506 motus,
390 1471 519 1506 Fulviae,
545 1481 616 1501 cum
647 1483 709 1512 qua

130 1520 219 1545 vetus
236 1515 265 1545 ei
289 1515 390 1555 stupri
415 1514 620 1553 consuetudo,
634 1525 707 1545 con-

125 1557 317 1597 jurationem
332 1557 445 1598 aperit,
464 1559 513 1587 13.

88 1600 315 1640 Cyrenensium
341 1608 372 1630 et
396 1600 707 1640 Carthaginiensium

131 1644 169 1672 lis
186 1644 224 1674 de
240 1654 303 1674 suae
331 1644 467 1684 reg-ionis
485 1644 608 1679 finibus,
625 1646 678 1675 82.

89 1685 189 1726 Cyrus
214 1688 246 1716 in
271 1686 350 1717 Asia
377 1687 469 1726 coepit
494 1686 587 1717 urbes
615 1694 708 1728 atque

130 1730 274 1763 nationes
292 1729 449 1770 subigere,
466 1733 496 1761 1.

381 1831 423 1862 D.

91 1883 199 1915 Dabar
214 1883 433 1924 Massugradae
444 1884 525 1914 filius
536 1885 618 1915 inter
629 1884 710 1916 Boc-

790 393 933 433 scriptae)
954 392 994 422 ad
1026 391 1065 423 C,
1096 392 1277 424 Caesarem3
1316 398 1367 427 ep.

789 436 817 466 I.
834 439 906 466 145.
935 436 980 466 Il.
997 437 1070 465 150.

988 477 1145 508 Antiocho

789 522 937 558 Romani,
956 524 1028 553 1217.

1202 472 1367 514 prodidere

1036 606 1061 636 F

745 659 861 690 Fabius
905 660 1010 699 Sanga
1053 657 1258 696 Allobrogum
1301 654 1365 684 Pa-

788 711 906 737 tronus,
929 704 980 732 20.

747 746 857 776 Fulvia
897 745 1143 785 conjurationem
1174 753 1212 772 ex
1256 741 1364 775 Curio,

787 790 912 829 quicum
949 793 1167 821 consueverat,
1206 785 1365 824 cognitam

787 831 954 872 patefacit,
971 834 1022 861 12.

747 874 872 905 Fulvius
888 874 1049 904 Senatoris
1068 873 1160 906 filius,
1179 881 1215 900 ex
1239 870 1363 904 itinere,

786 918 869 958 quod
892 917 933 947 ad
965 917 1139 948 Catilinam
1175 914 1365 946 instituerat,

785 967 952 996 retractus,
971 960 1060 1001 jussu
1083 958 1226 1000 parentis
1247 955 1365 986 interfi-

783 1005 875 1040 citur,
893 1005 944 1035 19.

743 1140 937 1171 Gaetulorum
961 1151 1078 1175 mores,
1092 1141 1145 1169 47.
1181 1147 1235 1167 eos
1249 1137 1366 1176 Jugur-

785 1184 840 1214 tha
855 1185 947 1215 docet
960 1183 1112 1213 militaria
1127 1182 1242 1215 facere,
1259 1181 1311 1210 83.

743 1226 829 1269 Galli
858 1228 958 1268 gloria
985 1227 1057 1257 belli
1086 1233 1158 1255 ante
1190 1225 1363 1259 Romanos,

784 1272 836 1300 31.
881 1268 1034 1301 adversus
1061 1267 1207 1300 Gallosa
1232 1266 1273 1301 Q.
1295 1265 1365 1297 Cae-

783 1314 876 1353 pinne
897 1320 928 1343 et
952 1313 1001 1342 M.
1025 1312 1149 1342 Manlio
1173 1308 1256 1340 male
1285 1320 1364 1350 pug-

782 1365 901 1392 natum,
924 1359 996 1387 104.

740 1398 866 1435 Gauda,
883 1399 1117 1430 Manastabalis
1141 1396 1234 1429 filius,
1260 1395 1364 1425 Masi-

781 1443 874 1472 nissae
904 1454 1014 1483 nepos,
1039 1443 1088 1472 cui
1114 1439 1235 1482 petenti
1260 1439 1364 1478 regios

780 1485 914 1516 honores
950 1486 1103 1515 Metellus
1131 1489 1314 1523 negaverat,
1346 1482 1363 1510 ἐὶ

781 1528 889 1558 Mario
916 1528 955 1559 ad
982 1529 1133 1559 ultionem
1157 1526 1197 1555 de
1227 1524 1365 1564 impera-

782 1578 847 1601 tore
864 1572 1050 1602 sumendam
1066 1570 1263 1602 sollicitatur,
1281 1569 1332 1598 75.

742 1614 951 1644 Gladiatoriae
981 1615 1110 1645 familiae
1133 1614 1167 1643 in
1190 1609 1364 1651 municipia

783 1658 1020 1692 distribuuntur,
1043 1659 1094 1687 15.

742 1699 907 1731 Gracchus
934 1708 965 1731 et
995 1701 1042 1730 M.
1059 1699 1199 1732 Fulvius,
1226 1697 1365 1727 Consule

786 1743 926 1784 Opimio,
956 1743 1126 1777 interfecti,
1155 1743 1207 1772 46.
1263 1740 1366 1770 Grac-

785 1787 862 1817 chus
877 1795 908 1817 et
937 1787 1082 1817 Tiberius
1109 1784 1243 1825 plebe'l'ae
1267 1783 1364 1813 liber-

786 1830 862 1860 tatis
880 1829 1021 1860 vindices
1043 1829 1151 1867 occisi,
1163 1829 1218 1858 62.
1262 1827 1364 1857 Grac—

784 1873 835 1903 chi
852 1874 912 1909 lex,
930 1876 1003 1904 154.

131 1927 225 1957 chum
260 1933 292 1956 et
328 1927 446 1958 Sullam
483 1927 709 1964 internuncius,
743 1916 846 1946 Graeci
881 1917 1029 1947 facundia
1067 1920 1140 1945 ante
1185 1913 1363 1949 Romanos,

133 1973 206 2000 1022.

784 1962 835 1988 153.
882 1960 1064 1991 Graecorum
1091 1957 1272 1997 disciplina,
1289 1959 1363 1986 155.

87 2013 305 2053 Damasippus
342 2012 435 2042 Sullae
459 2012 551 2053 jussu
581 2013 708 2054 jugula,
742 2001 881 2033 Gulussa.
916 2002 1098 2033 Masinissae
1136 2001 1218 2030 filius
1255 2001 1363 2031 inorbo

131 2062 190 2092 tus,
210 2059 261 2087 27.

87 2097 289 2130 Declamatio
327 2098 467 2129 Sallustii
512 2099 543 2128 in
579 2099 706 2130 Cicero-

129 2151 212 2178 nem,
228 2149 259 2173 et
283 2141 445 2173 Ciceronis
459 2142 492 2171 in
511 2142 706 2178 Sallustium,

132 2186 309 2216 158—160.

89 2227 259 2260 Decretum
275 2228 307 2259 S.
337 2228 372 2258 P.
389 2228 430 2265 Q.
455 2227 496 2258 R.
513 2228 552 2259 de
569 2228 707 2264 Boccho,

106 2273 200 2301 ⁴100.

612 2326 628 2350 I

783 2045 966 2082 absumitur,
982 2048 1034 2076 38.

1032 2133 1076 2163 H.

746 2183 907 2215 Hannibal
954 2184 1055 2214 Italiae
1104 2195 1180 2226 opes
1222 2184 1366 2215 maxime

785 2227 916 2262 attrivit,
933 2229 985 2257 38.

745 2271 898 2302 Hercules
913 2270 944 2300 in
962 2270 1119 2311 Hispania
1139 2270 1271 2308 interiit,
1289 2274 1342 2301 47.
