1492 2531
136 105 187 142 52
626 105 896 143 SALLUSTII

136 209 282 244 missos.
338 207 422 252 Ille,
448 207 513 244 ubi
543 208 702 257 accepit,
732 208 898 245 homines
917 208 1051 254 claros,
1070 223 1229 259 quorum
1246 216 1374 248 aucto-

136 261 283 298 ritatem
315 260 450 298 Romae
488 260 629 310 pollere
667 262 871 305 audiverat,
902 268 1030 299 contra
1049 263 1236 312 inceptum
1265 278 1372 301 suum

136 315 306 359 venisse3
335 312 455 363 primo
485 319 692 350 commotus
717 321 832 360 metii,
860 321 971 365 atque
995 316 1176 362 lubidine,
1200 317 1371 354 divorsus

138 368 368 417 agitabatur:
414 368 568 404 timebat
596 368 687 404 iram
725 369 890 414 senatus,
919 367 957 404 ni
994 370 1178 418 paruisset
1211 370 1373 420 legatis3

137 419 250 470 porro
282 421 440 465 animus,
477 421 649 469 cupidine
687 435 822 466 caecus,
855 422 904 458 ad
937 422 1127 471 inceptum
1157 423 1278 460 scelus
1315 437 1373 460 ra·

138 475 278 523 piebat.
332 474 434 511 Vicit
453 478 577 510 tamen
606 475 642 510 in
662 474 770 511 avido
800 475 949 524 ingenio
978 489 1131 523 pravum
1162 477 1372 513 consilium.

140 528 272 576 Igitur,
297 527 461 563 exercitu
487 527 729 572 circumdato,
761 527 905 563 summa
924 528 960 564 vi
997 529 1133 565 Cirtam
1167 530 1372 579 irrumpere

137 582 277 626 nititur,
309 580 483 617 maxume
510 595 677 630 sperans,
706 579 856 617 diducta
888 595 997 617 manu
1029 582 1204 626 hostiurn,
1232 592 1295 620 aut
1323 584 1373 627 vi,

139 640 204 670 aut
233 633 340 680 dolis,
375 647 457 670 sese
494 648 620 670 casum
655 634 820 672 victoriae
860 634 1104 672 inventurum.
1165 635 1275 678 Quod
1310 637 1373 673 ubi

139 687 249 724 secus
286 688 466 736 procedit,
502 701 635 736 neque,
668 688 768 737 quod
805 687 1026 734 intenderat,
1061 689 1206 726 efficere
1238 695 1376 738 potest,

139 739 193 776 uti
225 741 342 790 prius,
368 740 481 790 quam
509 741 651 790 legatos
683 741 909 786 conveniret,
934 742 1143 778 Atherbalis
1173 743 1374 791 potiretur3

140 808 186 830 ne
238 794 396 843 amplius
441 795 634 838 morando,
682 794 876 841 Scaurum,
913 809 1024 844 quem
1060 795 1259 855 plurimum
1301 810 1377 833 me-

140 847 281 893 tuebat,
311 848 538 890 incenderet,
570 862 653 884 cum
684 849 814 896 paucis
857 849 1043 896 equitibus
1076 849 1113 885 in
1145 850 1374 898 provmciam

139 901 252 937 venit.
306 903 367 943 At,
383 901 530 937 tametsi
549 902 700 937 senatus
720 902 841 937 verbis
868 902 977 939 minae
996 915 1085 951 grav
1089 915 1129 939 es
1147 903 1374 939 nunciaban-

140 962 212 999 tur,
242 952 344 1003 quod
380 956 425 990 ab
456 955 734 1004 oppugnatione
760 968 834 990 non
865 954 1079 1001 desisteret3
1109 955 1224 992 multa
1252 961 1375 992 tamen

142 1008 306 1044 oratione
340 1008 546 1052 consumta,
586 1007 700 1057 legati
740 1006 876 1044 frustra
909 1007 1128 1046 discessere.
1184 1009 1239 1044 Ea
1275 1016 1378 1058 post-

148 1060 260 1110 quam
280 1061 390 1098 Cirtae
423 1061 551 1097 audita
583 1066 691 1106 sunt,
720 1061 856 1106 Italici,
883 1075 1039 1110 quorum
1074 1063 1209 1099 virtute
1239 1062 1376 1099 moenia

142 1115 445 1160 defensabantur,
478 1114 620 1159 confisi,
649 1114 836 1150 deditione
870 1115 983 1159 sacta,
1013 1122 1163 1164 propter
1193 1116 1378 1164 magnitu-

141 1168 265 1204 dinem
291 1167 420 1216 populi
450 1167 609 1203 Romani
637 1167 834 1203 inviolatos
864 1181 945 1204 sese
966 1168 1057 1213 fore,
1085 1168 1279 1205 Atherbali
1298 1181 1379 1204 sua-

144 1222 246 1266 dent,
265 1220 320 1257 uti
358 1235 473 1270 seque
509 1226 546 1257 et
576 1221 752 1269 oppidum
773 1221 974 1270 Jugurthae
1005 1222 1138 1263 tradat,
1171 1221 1315 1258 tantum
1329 1223 1376 1258 ab

143 1289 186 1311 eo
207 1276 318 1311 vitam
352 1274 602 1322 pasciscatur:
634 1274 679 1311 de
712 1274 855 1310 caeteris
884 1275 1028 1310 senatui
1057 1289 1155 1312 curae
1183 1275 1273 1311 fore.
1329 1276 1378 1311 At

142 1328 218 1367 ille.
252 1327 399 1364 tametsi
436 1327 558 1363 omnia
591 1328 734 1376 potiora
768 1327 840 1362 fide
872 1326 1070 1377 Jugurthae
1107 1328 1275 1364 rebatur:
1324 1333 1378 1363 ta-

143 1396 242 1427 men,
258 1381 345 1429 quia
364 1379 478 1429 penes
498 1381 662 1426 eosdem,
692 1381 722 1417 si
741 1380 1013 1426 adversaretur,
1033 1381 1190 1430 cogendi
1211 1386 1378 1430 potestas

144 1440 236 1480 erat,
263 1435 328 1480 ita,
360 1433 415 1470 uti
450 1441 669 1470 censuerant
699 1433 831 1478 Italici,
865 1434 1086 1470 deditionem
1111 1434 1206 1470 fecit.
1261 1433 1379 1484 Igitur

143 1488 330 1538 ,Iugurtha
358 1487 395 1523 in
422 1487 550 1536 primis
579 1486 815 1524 Atherbalem
849 1487 1102 1524 excruciatum
1134 1492 1262 1523 necat:
1294 1487 1379 1524 dein

146 1540 268 1578 omnis
305 1542 468 1590 puberes
505 1540 690 1577 Numidas
725 1545 835 1589 atque
871 1541 1121 1590 negotiatores
1154 1540 1379 1589 promiscue,

144 1594 199 1632 uti
237 1595 395 1644 quisque
442 1594 590 1630 armatis
640 1593 772 1631 obvius
832 1593 964 1636 fuerat,
1013 1594 1209 1630 interfecit.
1267 1593 1381 1636 Quod

143 1647 345 1699 postquam
381 1647 514 1684 Romae
548 1648 737 1696 cognitum
772 1652 839 1689 est,
877 1652 913 1683 et
944 1660 1002 1684 res
1031 1647 1068 1682 in
1098 1653 1227 1683 senatu
1249 1647 1380 1696 agitari

146 1708 294 1750 coepta3
339 1701 449 1737 iidem
482 1700 537 1736 illi
566 1701 721 1737 ministri
756 1700 854 1750 regis
880 1700 1165 1749 interpellando,
1199 1714 1242 1736 ac
1279 1699 1379 1748 saepe

145 1754 276 1803 gratia,
328 1754 511 1790 interdum
548 1755 681 1804 jurgiis
721 1754 899 1789 trahendo
948 1759 1106 1802 tempus,
1151 1753 1379 1790 atrocitatem

144 1809 232 1845 facti
264 1808 463 1844 leniebant.
519 1809 573 1844 Ac
601 1807 639 1843 ni
667 1810 708 1844 C.
730 1807 944 1852 Memmius,
972 1807 1140 1844 tribunus
1170 1806 1290 1856 plebis
1319 1806 1380 1842 de-

146 1862 327 1910 signatus,
353 1861 408 1897 vir
427 1874 526 1905 acer,
562 1866 598 1897 et
627 1860 783 1896 infestus
812 1860 988 1909 potentiae
1018 1860 1235 1899 nobilitatis,
1264 1872 1382 1908 popu-

143 1914 222 1951 lum
238 1914 448 1950 Romanum
478 1914 688 1950 edocuisset
711 1913 749 1949 id
775 1914 847 1963 agi,
871 1911 923 1949 uti
953 1927 1018 1961 per
1047 1927 1185 1962 paucos
1204 1913 1380 1949 factiosos

145 1968 343 2017 Jugurthae
382 1967 503 2004 scelus
539 1967 828 2003 condonaretur:
875 1965 1042 2015 profecto
1077 1968 1192 2003 omnis
1228 1965 1381 2011 invidia,

145 2020 375 2071 prolatandis
424 2020 772 2063 consultationibus,
823 2019 965 2068 dilapsa
1005 2020 1109 2057 soret.
1161 2021 1283 2056 Tanta
1325 2019 1380 2054 vis

147 2075 276 2125 gratiae
307 2080 416 2123 atque
446 2075 613 2122 pecuniae
649 2073 746 2122 regis
777 2079 864 2110 erat.
919 2073 1007 2119 Sed,
1039 2074 1103 2110 ubi
1136 2079 1286 2108 senatus
1320 2072 1382 2108 de-

144 2129 222 2165 licti
252 2127 479 2163 conscientia
506 2126 690 2176 populum
723 2127 840 2172 timet,
876 2126 961 2176 lege
992 2125 1207 2175 Sempronia
1234 2126 1383 2174 provin-

148 2182 215 2219 ciae
259 2181 391 2217 futuris
441 2181 658 2217 consulibus
697 2180 876 2216 Numidia
913 2186 1022 2230 atque
1059 2179 1165 2215 Italia
1200 2179 1382 2223 decretae3

147 2233 320 2271 consules
340 2233 516 2270 declarati
546 2234 588 2270 P.
606 2233 731 2281 Scipio
751 2234 904 2277 Nasica,
926 2233 968 2270 L.
986 2233 1114 2269 Bestia
1135 2231 1380 2280 Calpurnius:

147 2287 350 2335 Calpurnio
384 2287 576 2330 Numidia,
613 2286 778 2336 Scipioni
814 2287 920 2323 Italia
957 2286 1119 2323 obvenit.
1193 2285 1290 2322 Dein
1321 2298 1384 2321 ex-

148 2341 297 2387 ercitus,
322 2340 385 2391 qui
409 2341 447 2378 in
478 2340 639 2378 Africam
669 2345 892 2389 portaretur,
921 2339 1114 2377 scribitur:
1145 2338 1382 2388 stipendium,
