1492 2531
156 157 180 194 6
630 153 901 194 SALLUSTII

159 274 232 310 que
261 266 424 310 optumo,
453 258 599 297 crudele
632 258 973 308 intolerandumque
1001 258 1148 296 sactum.
1208 256 1283 296 Sed
1300 259 1377 310 pri*-

155 312 219 352 ιιιδ
242 313 360 364 magis
391 313 554 358 ambitio,
573 311 683 363 quam
715 313 877 358 avaritia,
903 313 1042 350 animos
1064 313 1252 350 hominum
1276 327 1379 351 exer-

157 368 287 404 cebat:
318 368 419 418 quod
451 372 573 403 tamen
605 366 733 403 vitium
761 366 912 416 propius
939 366 1110 403 virtutem
1137 372 1226 404 etat.
1278 366 1378 404 Nam

158 420 327 470 gloriam,
348 420 536 465 honorem,
566 419 773 468 imperium,
803 420 938 465 bonus,
954 419 1123 469 ignavuS,
1158 419 1267 470 aeque
1304 419 1376 458 sibi

158 480 359 524 exoptant:
398 474 465 511 sed
482 472 542 509 ille
571 472 659 509 vera
688 473 749 509 via
775 472 922 510 nititur:
950 472 1036 509 huic
1064 473 1151 522 quia
1180 475 1289 510 bonae
1319 486 1379 510 ar-

156 532 212 564 tes
241 527 387 570 desunt,
419 525 513 564 dolis
542 530 652 575 atque
682 526 835 563 fallaciis
863 526 1064 564 contendit.
1118 526 1286 564 Avaritia
1314 540 1380 577 pe-

157 581 278 617 cuniae
297 580 458 617 studium
476 579 599 622 habet,
618 593 727 629 quam
751 593 858 616 nemo
886 578 1035 629 sapiens
1055 580 1286 630 concupivit3
1321 593 1379 625 ea,

157 634 265 684 quasi
294 633 445 671 venenis
476 632 582 669 malis
614 632 767 679 imbuta,
797 645 929 679 corpus
965 633 1201 682 animumque
1238 632 1379 670 virilem

157 686 384 734 effoeminat3
412 699 557 735 semper
574 686 726 731 infinita,
760 686 990 731 insatiabilis,
1009 691 1088 731 est3
1123 699 1245 736 neque
1273 686 1382 736 copia.

155 753 276 790 neque
315 740 441 790 inopia
479 739 664 776 minuitur.
723 739 797 777 Sed
830 745 1025 790 postquam
1058 739 1103 777 L.
1133 739 1250 784 Sulla,
1270 739 1382 777 armis

157 793 308 843 recepta
324 792 528 843 republica,
560 793 665 830 bonis
685 792 797 830 initiis
816 793 932 830 malos
952 798 1104 830 eventus
1136 793 1288 830 habuit:
1325 805 1383 830 ra·-

156 860 244 897 pere
281 861 422 893 omnes,
457 846 789 892 trahere3dornum
821 845 927 891 alius,
956 845 1050 883 alius
1085 859 1194 896 agros
1230 859 1382 895 cupere;

155 914 278 951 neque
312 900 476 946 modum,
504 913 623 949 neque
652 900 870 937 modestiam
899 900 1056 936 victores
1092 900 1252 946 habere;
1284 898 1383 937 foeda

159 953 395 1004 crudeliaque
426 954 464 990 in
499 952 593 990 civis
636 953 799 990 facinora
844 953 977 990 facere.
1047 952 1132 989 Huc
1169 952 1385 998 accedebat,

158 1007 261 1057 quod
279 1006 325 1045 L.
354 1006 460 1044 Sulla
484 1006 699 1052 exercitum,
731 1020 841 1057 quem
864 1007 902 1043 in
933 1005 1026 1043 Asia
1058 1006 1281 1052 ductaverat,
1307 1003 1386 1056 quo

160 1061 233 1098 sibi
264 1060 377 1098 fidum
412 1061 561 1105 faceret,
590 1066 716 1097 contra
741 1073 882 1097 morem
910 1060 1091 1110 majorum
1118 1058 1307 1096 luxuriose
1333 1059 1387 1096 ni-

158 1112 306 1164 misque
338 1113 538 1151 liberaliter
579 1112 768 1151 habuerat.
834 1113 937 1150 Loca
976 1127 1132 1156 amoena,
1169 1112 1387 1162 voluptaria,

159 1166 269 1205 facile
303 1168 341 1204 in
384 1167 457 1204 otio
495 1165 627 1204 ferocis
662 1166 817 1203 militum
852 1166 991 1203 animos
1023 1166 1266 1203 molliverant.
1324 1164 1385 1202 Ibi

160 1221 321 1271 primum
347 1220 507 1258 insuevit
525 1220 705 1257 exercitus
725 1219 853 1270 populi
879 1219 1038 1256 Romani
1071 1232 1208 1264 amare,
1243 1223 1385 1269 potare,

162 1275 282 1325 signa,
309 1274 456 1312 tabulas
481 1274 614 1324 pietas,
643 1287 732 1310 vasa
760 1272 889 1310 caelata
906 1273 1043 1319 mirari,
1074 1286 1118 1309 ea
1147 1272 1315 1322 privatim
1341 1285 1386 1308 ac

157 1327 310 1377 ,publice
329 1341 471 1377 rapere,
490 1327 644 1364 delubra
673 1326 845 1375 spoliare,
873 1339 976 1362 sacra
1004 1326 1232 1376 profanaque
1263 1324 1387 1361 omnia

161 1381 341 1431 polluere.
407 1380 527 1430 Igitur
560 1380 598 1416 hi
627 1380 772 1425 milites,
804 1385 1003 1429 postquam
1038 1379 1227 1416 victoriam
1262 1377 1389 1427 adepti

165 1440 265 1479 sunt,
299 1433 389 1471 nihil
424 1432 558 1482 reliqui
586 1433 694 1471 victis
726 1431 859 1470 secere.
932 1432 1083 1482 Quippe
1119 1431 1293 1468 secundae
1326 1444 1389 1468 res

161 1488 384 1537 sapientium
417 1487 557 1524 animos
588 1487 768 1536 latigaut3
811 1486 947 1522 nedum
977 1485 1043 1532 illi,
1072 1485 1255 1535 corruptis
1283 1483 1394 1521 mori-

162 1542 250 1587 bus,
281 1540 448 1578 victoriae
493 1545 752 1590 temperarent.
823 1539 1029 1589 Postquam
1079 1539 1216 1576 divitiae
1259 1537 1391 1574 honori

165 1608 247 1631 esse
276 1598 479 1644 coeperunt,
509 1599 545 1630 et
575 1607 636 1630 eas
673 1592 803 1643 gloria,
830 1592 1039 1642 imperium,
1066 1592 1232 1642 potentia
1265 1603 1395 1640 seque-

165 1649 296 1695 batur3
331 1648 530 1685 hebescere
566 1647 694 1691 virtus,
720 1652 918 1696 paupertas
948 1646 1082 1695 probro
1114 1644 1256 1690 haberi,
1284 1645 1391 1681 inno-

170 1702 292 1739 centia
325 1715 393 1750 pro
428 1700 687 1738 malevolentia
717 1700 802 1737 duci
832 1699 954 1749 coepit.
1023 1698 1142 1749 Igitur
1177 1711 1221 1734 ex
1257 1697 1395 1734 divitiis

160 1755 391 1805 juventutem
421 1754 567 1791 luxuria
585 1759 695 1802 atque
723 1753 875 1790 avaritia
893 1766 976 1789 cum
1005 1751 1181 1801 superbia
1197 1750 1388 1787 invasere:

169 1822 312 1858 rapere,
332 1821 550 1846 consumere
566 1822 575 1853 ;
604 1820 669 1843 sua
694 1807 799 1857 parvi
816 1806 991 1856 pendere,
1011 1805 1130 1842 aliena
1147 1817 1281 1854 cupere
1293 1818 1304 1850 3
1329 1816 1396 1852 pu-

166 1862 305 1908 dorem,
322 1861 550 1911 pudicitiam,
583 1860 705 1896 djviua
734 1865 844 1910 atque
863 1860 1021 1896 humana
1042 1858 1265 1908 promiscua,
1300 1855 1392 1893 nihil

165 1915 272 1965 pensi
300 1928 421 1965 neque
452 1913 632 1951 moderati
654 1913 801 1950 habere.
855 1913 990 1962 Operae
1021 1912 1181 1962 pretium
1212 1915 1281 1954 est,
1306 1909 1390 1945 cum

166 1968 294 2005 domos
314 1973 423 2017 atque
441 1967 548 2005 villas
568 1966 787 2017 cognoveris
818 1965 856 2002 in
874 1966 1020 2002 urbium
1052 1965 1202 2002 modum
1233 1962 1393 2000 exaedifi-

166 2027 282 2067 catas,
318 2021 434 2058 visere
459 2020 598 2070 templa
642 2020 808 2063 deorum,
837 2033 922 2069 quae
956 2018 1071 2055 nostri
1102 2018 1270 2068 majores,
1309 2014 1394 2052 reli-

167 2074 366 2125 giosissimi
399 2073 587 2117 mortales,
623 2072 766 2117 fecere3
806 2072 931 2109 verum
964 2071 1017 2108 illi
1050 2071 1204 2109 delubra
1240 2070 1391 2107 deorum

168 2128 318 2178 pietate,
363 2127 490 2164 domos
533 2140 619 2164 suas
672 2125 802 2176 gloria,
848 2126 1096 2170 decorabant3
1130 2136 1251 2172 neque
1286 2121 1392 2159 victis

168 2181 384 2231 quidquam,
417 2185 553 2230 praeter
591 2179 732 2229 injuriae
767 2179 965 2223 licentiam,
1001 2177 1216 2227 eripiebant.
1268 2174 1321 2213 At
1354 2174 1393 2211 hi

167 2234 309 2280 contre,
343 2234 570 2285 ignavissimi
596 2232 774 2278 homines,
806 2246 873 2281 per
891 2245 1073 2268 summum
1104 2229 1240 2276 scelus,
1273 2227 1394 2265 omnia

168 2301 212 2326 ea
248 2288 357 2325 sociis
389 2287 563 2329 adimere,
598 2299 683 2335 quae
715 2285 902 2322 fortissimi
933 2285 1002 2322 viri
1032 2284 1189 2320 victores
1224 2281 1394 2319 hostibus

169 2341 418 2392 reliquerant:
463 2340 618 2390 proinde
667 2339 773 2389 quasi
801 2338 972 2389 injuriam
1006 2338 1142 2383 facere,
1173 2335 1211 2372 id
1246 2335 1394 2373 demum

170 2401 265 2432 esset
283 2393 433 2444 imperio
453 2393 520 2432 uti.
569 2393 668 2430 Nam
696 2392 786 2442 quid
814 2405 857 2429 ea
884 2404 1094 2436 memorem,
1123 2403 1220 2440 quae,
1250 2388 1321 2426 nisi
1349 2387 1393 2424 iis
