1492 2531
643 75 775 100 INDEX.

97 210 295 242 Rhodiorum
337 211 450 241 civitas
489 209 605 250 populo
649 208 716 239 Ro-

145 264 248 288 mano,
272 253 358 294 cujus
380 253 489 294 opibus
503 257 654 288 creverat,
670 252 718 281 in-

147 297 219 333 fida,
237 299 288 327 25.

100 341 208 372 Romae
252 341 351 381 origo,
386 339 623 373 incrementum,
657 338 717 368 for-

147 383 259 419 titudo,
280 385 311 418 3,
327 386 356 412 4.
378 383 467 419 vitia,
483 384 513 413 5.
537 382 643 412 omnia
666 392 719 412 ve-

146 427 225 462 nire,
271 428 319 456 53.
365 425 578 456 Romanorum
618 435 720 455 mores

149 478 221 501 ante
237 474 269 497 et
293 475 364 509 post
388 468 612 510 Carthaginem
635 467 720 498 dele-

149 520 225 547 tam,
246 513 297 542 61.

102 556 241 588 Rutilius
256 555 376 596 legatus
393 554 528 590 Metelli,
544 556 597 585 89.

395 640 426 670 S.

104 685 271 717 Sallustius
287 683 538 713 adolescemulus
553 682 658 712 studio
680 682 720 712 ad

149 727 385 768 Rernpublicam
409 727 516 761 fertur,
542 727 594 756 ubi
622 726 720 755 inulta

147 771 281 801 adversa
298 780 419 810 passuS,
431 773 460 800 ⁴3.
474 780 525 799 res
535 770 641 809 populi
656 768 717 798 Ro-

146 813 233 844 mani
257 822 361 854 gestas
383 812 514 842 strictim
530 812 720 852 perscribere

148 856 268 890 statuit.
284 858 314 887 3.
337 856 556 896 magistratum
579 855 721 895 adeptus,

148 902 201 931 37.
231 899 336 930 Libros
349 900 431 939 regis
446 898 644 938 Hiempsalis
660 897 724 927 Pu-

148 943 235 973 nicos
264 951 320 983 per
347 942 549 982 interpretem
578 941 722 976 consulit,

149 988 201 1017 47.

108 1031 242 1061 Scaurus
259 1027 455 1067 Hiempsalis
469 1033 601 1057 mortem
616 1026 723 1057 severe

149 1070 371 1101 vindicandam
387 1076 503 1105 censet,
516 1072 569 1099 46.
593 1069 724 1101 Senatus

150 1115 294 1155 princeps
323 1120 354 1143 et
383 1113 555 1143 consularis
581 1113 614 1143 in
641 1113 723 1143 Afri-

151 1167 222 1187 cam
273 1157 405 1197 legatur.
448 1158 500 1186 51.
562 1155 725 1196 Calpurnii

152 1199 268 1230 Bestiae
292 1199 428 1230 consulis
449 1199 551 1229 socius
577 1206 610 1229 et
625 1199 724 1229 admi·

151 1244 250 1273 nister
278 1243 489 1277 consiliorum,
520 1243 569 1271 53.
606 1243 725 1283 magni·
758 1241 867 1273 Suthul

151 1285 258 1316 tudine
287 1286 426 1325 pecuniae
457 1285 475 1314 a
496 1285 576 1314 bono
599 1285 630 1315 in
656 1295 743 1340 pra-l

154 1339 225 1359 vum
250 1328 432 1363 abstractus,
448 1328 608 1367 Jugurthae
632 1328 725 1364 favet,

153 1374 204 1408 51,
219 1374 271 1402 5²2.
294 1372 440 1412 quaesitor
451 1378 583 1405 creatus,
599 1373 650 1401 61.

110 1415 214 1455 Scipio
247 1414 416 1444 Africanus
451 1414 658 1444 Masinissam
695 1413 728 1444 in

154 1458 322 1488 amicitiam
346 1457 470 1497 recipit,
498 1460 550 1488 38.
582 1457 613 1487 in
644 1457 727 1487 bello

155 1501 354 1531 Numantino
398 1501 569 1540 imperator
620 1510 728 1530 omnes

152 1547 218 1574 tere
233 1554 282 1573 res
308 1554 433 1584 asperas
456 1543 520 1583 agit
544 1553 600 1583 per
613 1543 724 1582 Jugur·

153 1588 251 1622 tham,
266 1597 358 1627 quem
373 1586 521 1616 donatum
537 1593 569 1616 et
582 1596 638 1626 pro
654 1597 726 1616 con-

152 1630 241 1660 cione
281 1630 443 1659 laudatum
479 1629 610 1659 dimittit
657 1639 727 1659 cum

158 1673 270 1703 litteris
285 1672 325 1702 ad
341 1672 521 1712 Micipsam,
537 1674 590 1708 39,
604 1674 656 1702 40.

114 1715 297 1756 Sempronia
311 1718 391 1745 inter
405 1715 593 1756 conjuratos,
612 1718 660 1747 12.

112 1759 223 1789 Senius
250 1765 374 1788 senator
401 1759 522 1788 litteras
551 1759 590 1788 de
613 1758 729 1788 Manlii

154 1801 363 1842 conjuratione
373 1802 406 1831 in
415 1810 525 1831 senatu
536 1801 661 1836 recitat,
675 1804 726 1833 14.
743 1824 746 1836 .

113 1844 283 1885 Septimius
312 1843 442 1875 Camers
471 1847 490 1873 a
526 1844 664 1874 Catilina
697 1847 728 1876 in

156 1898 264 1928 ugrum
280 1887 429 1917 Picenum
439 1887 584 1922 mittitur,
603 1890 653 1919 13.

113 1931 268 1961 Sertorius
310 1930 499 1970 Hispaniam
541 1929 728 1961 Citeriorem

157 1975 302 2008 vastavit,
321 1977 392 2004 121.

114 2017 239 2047 Sextius
254 2023 387 2058 quaestor
401 2015 432 2044 in
453 2015 595 2046 Vnccam
617 2017 727 2058 Jugur-

156 2060 217 2089 thae
231 2060 378 2100 oppidum
394 2059 537 2094 mittitur,
551 2061 602 2090 53.

115 2103 205 2132 Sicca
241 2104 389 2143 oppidum
427 2102 564 2132 omniurn
596 2103 729 2144 primum

155 2145 174 2176 ὲ.
187 2145 341 2186 ,ἷυςυι-[ἱιέι
357 2146 471 2180 deficit,
486 2147 538 2175 71.

115 2187 238 2218 Silanus
258 2189 365 2219 consui
395 2189 577 2228 designatus
603 2194 729 2218 senten-

157 2230 231 2261 tiam
259 2231 296 2262 de
334 2232 500 2274 conjuratis
530 2232 648 2273 primus
683 2243 730 2263 ro-

158 2282 257 2314 gatur,
273 2278 324 2306 24.

739 2327 745 2355 l

1296 58 1369 96 173

748 166 882 196 Sisenna
911 165 1027 205 optime
1064 169 1096 194 et
1125 161 1368 203 diligentissime

793 208 941 243 omniurn,
968 208 1021 248 qui
1050 217 1100 237 res
1129 206 1222 236 Sullas
1251 205 1369 239 dixere,

793 256 974 291 persecutus
990 255 1047 285 est,
1065 252 1115 282 94.

752 294 848 325 Simius
878 293 1056 324 Nucerinus
1079 303 1150 323 cum
1175 292 1312 323 exercitu
1337 289 1369 318 in

794 336 990 368 Mauritania
1044 336 1167 367 consilii
1223 334 1368 365 Catilinae

794 381 962 421 particeps,
981 383 1030 409 11.

752 423 896 464 Sibyllini
909 423 991 457 libri,
1008 426 1060 453 2⁴2.

753 467 840 496 Sulla
855 468 890 497 P.
916 467 1022 496 consul
1047 464 1229 505 designatus
1251 462 1371 504 legibus

794 507 930 539 ambitus
948 509 1156 549 interrogatus
1182 518 1289 549 poenas
1313 507 1371 536 de-

795 553 852 589 dit,
868 555 899 583 9.

752 596 845 626 Sullae
862 595 897 626 L.
914 593 1098 630 dominatio,
1114 595 1145 623 3.
1162 595 1192 625 6.
1210 593 1371 634 prosapia,

795 639 953 675 educatio,
981 648 1094 672 mores,
1127 639 1178 667 94.
1212 638 1244 667 in
1273 636 1374 666 Marii

796 691 898 713 castra
931 692 1003 712 cum
1028 681 1170 722 equitatu
1206 679 1304 715 venit,
1335 681 1372 711 ib.

796 725 862 765 ejus
886 725 1059 760 facundia3
1092 725 1193 754 oratio
1221 722 1263 753 ad
1289 722 1374 752 Boc-

795 769 899 804 chum,
939 770 990 799 98.
1032 767 1149 797 Bocchi
1184 767 1306 805 legatos
1337 766 1374 795 li—

796 811 947 842 beraliter
973 809 1079 844 habet.
1108 812 1160 841 99.
1219 809 1374 838 Volucem

797 854 918 885 Bocchi
932 854 1030 884 filium
1053 855 1164 883 castris
1179 852 1264 883 abire
1275 851 1374 892 jubet,

798 901 871 930 101.
902 898 921 927 a
950 897 1075 928 Boccho
1100 895 1218 927 occulte
1244 896 1375 925 accersi-

798 947 857 977 tur,
881 944 953 970 110.
971 951 1040 970 cum
1057 950 1094 969 eo
1109 941 1148 970 de
1164 948 1240 979 pace
1258 944 1289 967 et
1307 948 1376 978 pro-

797 983 900 1014 dendo
926 983 1081 1024 Jugurtha
1113 984 1189 1023 agit,
1220 984 1294 1011 10⁶2.
1328 988 1374 1022 ty-

797 1026 938 1057 rannidis
971 1028 1161 1066 aliorumque
1199 1024 1376 1054 facinorum

799 1070 816 1100 a
841 1069 961 1111 Lepido
987 1077 1162 1104 accusatur,
1189 1070 1260 1098 107.
1306 1068 1375 1097 Da-

799 1114 984 1154 masippum,
1019 1119 1050 1142 et
1081 1113 1159 1142 alios
1187 1111 1375 1151 hujusmodi,

799 1157 851 1197 qui
873 1157 958 1186 malo
981 1155 1175 1196 Reipublicae
1202 1162 1376 1189 creverant,

793 1199 931 1240 jugulari
941 1198 1040 1240 jubet,
1057 1201 1108 1230 27.

911 1241 1069 1272 Numidiae
1115 1238 1276 1281 oppidum,
1325 1240 1378 1270 ubi

803 1286 902 1326 Regis
931 1285 1068 1315 thesauri
1103 1290 1202 1317 eraut,
1230 1284 1268 1312 ab
1296 1283 1378 1313 Aulo

799 1329 968 1362 obsidetur,
984 1335 1017 1358 et
1031 1339 1086 1369 spe
1109 1326 1264 1369 pactionis
1285 1326 1377 1356 relin-

802 1372 917 1412 quitur,
934 1374 984 1401 59.

758 1414 910 1455 Syphacis
936 1413 1020 1454 capti
1044 1423 1174 1452 regnum
1197 1411 1378 1441 Masinissae

800 1457 882 1489 dono
897 1457 985 1488 dedit
999 1456 1136 1496 Populus
1151 1455 1244 1486 Rom.
1260 1455 1314 1484 38.

757 1500 863 1541 Syrtes
893 1501 973 1535 duae,
999 1501 1081 1529 inter
1109 1509 1187 1540 quas
1216 1498 1324 1538 Leptis
1349 1504 1380 1527 et

800 1544 953 1575 Philenon
968 1553 1040 1580 ara2,
1057 1545 1109 1574 48.

742 1663 744 1668 .
1050 1642 1087 1672 T.

758 1713 944 1755 Tarquinius
977 1712 1017 1743 ad
1044 1712 1215 1743 Catilinam
1244 1713 1381 1752 proficis-

802 1768 887 1792 cens,
917 1767 955 1787 ex
980 1757 1091 1786 itinere
1119 1762 1279 1791 retractus,
1306 1756 1383 1786 dicit

803 1812 836 1830 se
853 1801 892 1830 de
918 1799 1130 1841 conjuratione
1154 1799 1383 1835 indicaturum3

803 1844 954 1875 Crassum
969 1843 1110 1872 nominat
1127 1848 1158 1872 et
1182 1842 1292 1872 indicii
1306 1843 1384 1872 falsi

802 1892 977 1927 suspectus,
1006 1886 1157 1916 Cicerone
1185 1885 1383 1922 consulente,

803 1930 835 1960 in
852 1929 976 1960 vincula
993 1928 1166 1969 conjicitur,
1186 1931 1238 1958 ⁶33.

745 1973 860 2003 'Thala
877 1972 1036 2002 Numidiae
1061 1971 1222 2011 oppidum,
1247 1971 1297 2001 ubi
1320 1973 1379 2003 Ju-

804 2017 921 2057 gurthae
952 2016 1088 2045 thesauri
1115 2017 1169 2045 80.
1204 2015 1221 2044 a]
1248 2015 1381 2046 Metello

803 2066 1008 2100 expugnatur,
1024 2061 1074 2087 81.

761 2103 923 2133 Thirmida
949 2101 1110 2141 oppidum,
1138 2100 1190 2131 ubi
1216 2102 1380 2142 Hiempsal

803 2147 924 2176 occisus
939 2153 997 2179 est,
1013 2147 1063 2175 42.

761 2189 878 2219 Tiberii
903 2187 1038 2218 Neronis
1061 2188 1218 2217 sententia
1243 2187 1282 2217 de
1307 2198 1380 2219 con-

800 2232 926 2272 juratis,
942 2234 995 2261 24.

760 2275 950 2309 Tullianum,
967 2275 1054 2305 locus
1069 2273 1101 2304 in
1124 2283 1248 2304 carcere
1265 2272 1317 2302 ubi
1343 2273 1382 2302 de
