1492 2531
83 73 158 111 106
480 49 484 54 ’
557 70 834 109 SALLUSTH

81 182 193 225 atque
222 178 450 224 postremum
481 173 622 211 bellum
653 175 971 226 Carthaginiense.
1048 175 1262 213 Victorinus
1288 180 1324 214 et

84 227 334 278 Augustinus.

136 282 188 319 At
207 280 406 325 discordia,
425 286 462 317 et
489 281 652 323 avaritia,
686 287 798 330 atque
833 282 998 328 ambitio,
1031 289 1066 319 et
1103 288 1238 319 caetera
1274 297 1327 320 se·

86 335 218 373 cundis
237 336 352 371 rebus
370 333 453 369 oriri
484 339 591 371 sueta
616 334 722 379 mala,
748 340 834 383 post
863 335 1096 385 Carthaginis
1119 336 1327 373 exscidium

86 387 260 425 maxume
282 394 390 424 aucta
411 393 509 424 sunt.
578 387 678 424 Nam
708 388 852 438 injuriae
879 388 1110 435 validiorum,
1140 395 1176 426 et
1196 390 1243 426 ob
1264 403 1328 426 eas

91 441 267 479 discessio
313 440 431 490 plebis
467 439 490 476 a
524 441 708 489 patribus,
737 441 894 491 aliaeque
931 442 1196 486 dissensiones,
1226 441 1329 479 domi

90 495 194 533 fuere
221 496 299 545 jam
330 492 418 530 inde
444 493 467 530 εὶ
494 494 704 543 principio3
745 508 867 544 neque
901 495 1076 544 amplius,
1097 495 1210 545 quam
1237 496 1332 546 regi-

91 551 164 587 bus
184 549 337 593 exactiS,
356 547 445 583 dum
463 556 584 584 metus
603 547 626 584 a
652 547 686 584 T
687 549 856 597 arquinio
883 554 919 585 et
945 547 1082 585 bellum
1105 562 1218 598 grave
1247 563 1332 587 cum

93 602 244 639 Etruria
274 600 438 651 positum
471 605 540 644 est,
579 614 688 650 aequo
725 607 762 638 et
797 602 966 638 modesto
994 603 1078 652 jure
1124 602 1331 668 agitatum:

96 655 181 693 dein
208 655 330 693 servili
358 654 514 703 imperio
543 659 667 702 patres
696 654 846 703 plebem
866 668 1064 702 exercere3
1102 656 1147 692 de
1179 655 1255 692 vita
1278 661 1334 693 at-

96 722 168 760 que
198 715 303 758 tergo
331 707 434 756 regio
463 721 566 744 more
592 707 808 755 consulere;
846 721 935 758 agro
967 709 1119 758 pellere,
1146 713 1194 748 et
1229 715 1337 747 ‹taeteu

98 763 147 799 ris
177 762 409 812 expertibUS,
443 760 512 797 soli
544 761 582 797 iu
614 761 770 810 imperio
797 776 924 811 agere
995 762 1142 806 Quibus
1175 763 1338 806 saevitiis,

97 822 134 853 et
155 829 324 852 maxume
343 814 493 850 foenoris
525 828 648 859 onere,
678 828 857 864 oppressa
891 815 1033 864 plebes,
1063 816 1147 852 cum
1178 817 1339 853 assiduis

97 868 205 906 bellis
237 869 419 906 tributum
450 867 559 905 simul
596 873 633 904 et
660 868 823 905 militiam
851 869 1036 915 toleraret,
1067 877 1206 907 armata
1239 884 1341 907 mon-

102 929 177 960 tem
201 935 348 960 sacrum
366 926 477 970 atque
497 920 726 958 Aventinum
750 922 898 960 insedit.
967 922 1141 972 Tumque
1172 923 1341 961 tribunos

100 975 219 1025 plebis
240 982 277 1013 et
298 974 370 1011 alia
390 973 461 1010 sibi
475 976 560 1026 jura
579 976 733 1023 paravit.
803 975 1080 1013 Discordiarum
1107 983 1143 1014 et
1175 977 1344 1014 certami-

101 1029 158 1065 nis
176 1030 361 1078 utrimque
380 1027 464 1064 finis
493 1029 562 1065 fuit
595 1028 800 1066 secundum
832 1029 971 1066 bellum
1006 1029 1196 1079 punicum.
1267 1033 1345 1067 Au-

104 1083 292 1134 gustinzes

160 1136 383 1187 Postquam,
415 1137 558 1173 remoto
591 1139 691 1170 metu
728 1132 885 1178 Punico,
926 1134 1131 1172 simultates
1175 1149 1346 1174 exercere

106 1203 267 1226 vacuum
301 1191 396 1236 luit3
443 1188 611 1238 plurimae
644 1188 776 1233 turbae,
805 1188 1018 1235 seditiones,
1054 1194 1091 1225 et
1126 1189 1174 1226 ad
1208 1197 1350 1240 postre-

106 1256 207 1279 mum
235 1243 336 1280 bella
363 1242 485 1280 civilia
522 1247 603 1278 orta
638 1247 739 1285 sunt,
776 1240 863 1278 dum
894 1242 1003 1291 pauci
1040 1248 1223 1290 potentes,
1261 1256 1351 1293 quo-

110 1309 191 1332 rum
216 1297 252 1332 in
271 1296 389 1346 gratia
407 1296 574 1345 plerique
605 1300 878 1339 concesserant,
911 1297 980 1332 sub
1010 1295 1165 1333 honesto
1202 1302 1350 1346 patrum

111 1354 174 1386 aut
199 1349 319 1398 plebis
353 1350 501 1387 nominc
526 1348 788 1385 dominationis
819 1348 1064 1392 affectabant3
1115 1350 1279 1399 bonique
1316 1354 1352 1385 et

112 1403 199 1439 mali
214 1403 313 1441 cives
334 1402 528 1454 appellati,
547 1415 622 1438 non
651 1403 698 1439 ob
727 1401 855 1438 merita
887 1402 925 1437 in
960 1402 1243 1451 rempublicam,
1277 1416 1353 1439 om-

111 1457 221 1493 nibus
246 1458 385 1506 pariter
416 1455 612 1504 corruptis,
650 1456 717 1492 sed
743 1454 796 1491 uti
826 1455 982 1504 quisque
1010 1456 1354 1505 locupletissumus,

113 1517 149 1547 et
185 1510 319 1559 injuria
350 1510 518 1553 validior,
551 1509 639 1558 quia
663 1514 859 1559 praesentia
891 1509 1126 1554 defendebat,
1155 1523 1221 1559 pro
1255 1511 1355 1547 bono

117 1564 336 1602 ducebatur.
392 1564 450 1600 Ex
471 1576 545 1612 quo
576 1568 742 1611 tempore
779 1562 958 1613 majorum
987 1576 1106 1599 mores
1128 1577 1203 1600 non
1233 1562 1358 1612 paula-

116 1615 197 1661 tim,
249 1623 287 1654 ut
320 1615 441 1662 antea,
473 1617 540 1652 sed
580 1617 751 1652 torrentis
795 1616 919 1659 modo,
963 1616 1205 1665 praecipitati:
1263 1615 1358 1653 adeo

112 1671 290 1720 juventus
321 1671 415 1708 luxu
446 1676 557 1719 atque
584 1667 742 1705 avaritia
775 1675 948 1718 corrupta
966 1675 1035 1715 est,
1055 1668 1109 1705 uti
1127 1668 1256 1706 merito
1275 1670 1359 1706 dica

117 1730 190 1766 tur,
210 1725 354 1773 genitos
374 1737 469 1768 esse,
489 1723 552 1773 qui
572 1736 692 1772 neque
708 1722 780 1770 ipsi
809 1722 946 1760 habere
980 1729 1133 1771 possent
1165 1737 1224 1760 res
1258 1723 1357 1760 fami-

115 1777 224 1814 liares
244 1791 365 1827 neque
386 1777 479 1814 alios
499 1777 586 1825 pati.
641 1773 815 1825 Agellius
835 1781 870 1813 et
894 1774 1144 1826 Augustinus.

173 1830 308 1881 Igitur,
344 1830 505 1868 venditis
555 1830 851 1880 proscriptorum
901 1831 1009 1866 bonis
1057 1836 1121 1866 aut
1171 1829 1361 1880 dilargitis.

120 1882 307 1935 Agellius.

175 1937 219 1974 Id
237 1937 380 1975 bellum
399 1937 590 1973 excitabat
623 1940 742 1972 metus
778 1935 948 1985 Pompeii
981 1936 1145 1983 victoris,
1171 1935 1363 1984 Hiempsa-

122 1989 196 2026 lem
216 1991 254 2026 in
273 2005 430 2041 regnum
449 1990 691 2027 restituentis.
753 1989 870 2028 Idem.

178 2043 433 2093 Maxumeque
455 2043 592 2080 ferocia
610 2043 709 2093 regis
726 2042 956 2081 Mithridatis
975 2043 1013 2079 in
1048 2048 1211 2092 tempore
1244 2041 1364 2078 bella-

122 2097 204 2134 turi.
258 2097 435 2133 szatns
448 2102 483 2133 et
496 2095 719 2134 Arusiamffi.

177 2150 280 2195 Quin
298 2150 450 2187 lenones
471 2156 507 2186 et
526 2150 656 2186 vinarii
690 2150 864 2200 laniique,
883 2162 1041 2198 quorum
1071 2146 1254 2197 praeterez‘z
1290 2148 1368 2184 vul-

122 2217 195 2253 gus
215 2205 252 2240 in
273 2204 351 2240 dies
370 2218 476 2239 usum
497 2203 620 2248 habet,
639 2205 765 2252 precio
786 2203 996 2252 compositi.
1063 2201 1248 2238 Carisius.

182 2258 314 2295 Genus
335 2257 446 2294 armis
463 2257 581 2302 ferox,
598 2262 635 2293 et
654 2257 792 2294 servitii
811 2256 1014 2293 insolitum.
1069 2253 1299 2292 Arusianus.
