1492 2531
303 81 676 122 HISTORIARUM
696 79 1046 119 FRAGMENTA.
1257 76 1329 112 1:35

157 187 389 238 Saguntium.
446 186 634 224 Carisius

154 240 251 277 Tota
283 246 404 277 autem
441 239 563 278 insula
598 239 758 283 modica,
795 246 831 275 et
868 236 1071 274 cultoribus
1108 233 1227 270 inanis
1266 239 1333 268 est.

105 291 338 331 ‚Martianus

158 347 384 383 lmmodieus
421 347 542 383 animi.
596 344 823 383 Arusianus.

158 400 319 436 Tantum
337 400 532 437 anxietatis
551 413 726 449 curaeque
743 397 943 448 majoribus
975 411 1042 446 pro
1074 392 1205 430 Italica
1224 402 1334 441 gente

106 455 188 490 fuit.
240 452 343 489 Idem

160 506 361 555 Opprobrii
396 506 526 556 gratia.
577 504 787 556 Agrtaeius.

162 558 353 596 Maxumis
370 561 543 607 ducibus,
561 561 718 597 fortibus
737 558 973 607 strenuisque
995 555 1183 594 ministris.
1238 555 1337 592 Dio-

108 614 242 658 medes,
263 612 324 649 lib.
340 614 378 650 ii.

163 643 253 703 Nci1
273 667 568 716 repugnantibus
596 667 723 711 modo,
743 666 809 702 sed
837 679 883 701 ne
920 663 1054 701 deditis
1081 663 1240 712 quidem.
1294 661 1341 699 A.

112 720 158 757 B.
179 720 222 757 C.
243 718 300 756 M.
356 719 545 758 Donatus.

166 773 210 809 ln
236 772 329 809 silva
363 772 441 809 Sila
459 774 619 812 fuerunt.
675 775 842 813 Servius.

166 825 211 862 In
242 827 343 862 nuda
359 826 500 874 iujecta
518 841 685 877 corpora.
740 829 956 866 Diomedes,

169 878 356 928 Apollinis
374 879 449 916 filia
479 886 516 917 et
535 882 716 931 Cyrenes.
772 881 928 920 Probus.

168 931 230 969 Ne
249 932 407 982 simplici
427 934 577 982 quidem
597 942 712 974 morte
731 937 991 974 moriebantur.
1047 934 1213 972 Servius.

171 985 266 1022 Cum
285 987 493 1035 praedixero
513 989 676 1037 positum
697 990 847 1027 insulae.
897 989 1086 1026 Donatus.

172 1040 286 1089 Cujus
319 1040 477 1077 adversa
506 1042 705 1085 voluntate,
726 1043 912 1094 colloquio
938 1043 1116 1079 militibus
1154 1040 1349 1090 permisso,

120 1093 308 1182 {oi-ruptio
337 1093 434 1129 sacta
465 1107 680 1144 paucorum,
716 1104 752 1134 et
787 1097 971 1134 exereitus
1007 1094 1118 1132 Sullae
1145 1096 1253 1132 datus
1287 1099 1352 1130 est.

146 1147 226 1182 dem

175 1199 212 1235 A
232 1199 403 1236 Graccho
423 1200 623 1238 seditiones
640 1217 772 1252 graves
796 1209 897 1240 ortae.
953 1200 1196 1253 Augustinus.

178 1253 233 1289 Μ.
249 1252 386 1289 Atilius
424 1253 621 1292 Palicanus
641 1257 768 1293 humill
784 1256 880 1299 loco
898 1256 1048 1296 Picens
1066 1255 1205 1304 loquax
1231 1267 1352 1302 magis

124 1321 235 1358 quam
255 1307 446 1344 facundus.
502 1307 773 1356 QuintilzamcS,
794 1310 856 1346 lib.
871 1311 919 1347 iv.
938 1322 1021 1359 cap.
1041 1310 1079 1346 2.

177 1359 344 1398 Insolens
369 1373 453 1396 vera
470 1362 693 1411 accipiundi.
749 1364 935 1400 Donatue.

178 1414 473 1503 QuaeIdpecunia
513 1416 561 1452 ad
598 1417 845 1468 Hispaniense
891 1415 1029 1453 bellum
1065 1413 1225 1451 Metello
1258 1414 1357 1450 saeta

126 1474 214 1505 erat.
317 1480 372 1502 em

184 1521 354 1559 Curubis,
408 1519 563 1559 Probus.

181 1574 355 1612 Tharros,
407 1573 522 1613 Idem.

181 1628 358 1666 camisos.
410 1627 527 1667 Idem.

182 1683 317 1720 Luces.
373 1681 547 1747 Sergius.

185 1736 349 1773 Primam
369 1735 479 1773 modo
497 1739 594 1788 Japy
597 1739 723 1776 diam
714 1752 914 1790 ingressus.
967 1737 1077 1775 Serv
1055 1750 1132 1773 zus.

180 1790 317 1881 (33ῐὲῗί
338 1792 436 1840 turpi
472 1791 665 1830 formidine
697 1793 843 1830 Italiam
880 1799 989 1842 atque
1028 1789 1230 1828 exercitum
1264 1788 1364 1825 dese-

134 1845 206 1881 ruit
319 1857 384 1881 em.

189 1897 285 1941 Quae
314 1904 425 1947 pacta
450 1898 491 1935 in
519 1900 761 1937 conventione
781 1914 855 1937 non
891 1897 1164 1948 praestitissent.
1242 1894 1368 1931 Dona-

135 1956 206 1989 tus.

191 2004 397 2041 Crebritate
417 2005 610 2052 fluctuum,
630 2013 669 2044 ut
698 2006 836 2056 Aquilo
861 2003 966 2042 solet.
1021 2003 1185 2040 Servius.

190 2057 426 2095 Mithridates
464 2073 617 2109 corpore
636 2061 776 2110 ingenti
795 2057 947 2110 perinde
975 2065 1150 2095 armatus.
1207 2053 1365 2102 Quintil.

141 2105 202 2147 lib.
218 2111 294 2147 viii.
315 2125 345 2148 c.
365 2111 399 2148 3.

142 2162 479 2254 STyranuumque
527 2172 564 2203 et
610 2167 766 2204 Cinnam
803 2164 1046 2216 appellantes.
1143 2162 1369 2201 Uictorinus.

173 2228 250 2253 erv.

193 2268 416 2320 Nomenque
434 2271 650 2310 Danubium
664 2273 788 2310 habet.
842 2271 984 2310 Acron.

195 2320 266 2358 Cui
284 2323 352 2360 nisi
370 2326 507 2374 pariter
524 2326 671 2365 obviam
691 2327 816 2364 iretur.
874 2326 1056 2363 Donatus.
