1492 2531
142 174 165 196 x
539 160 671 197 VITA
700 159 953 198 SALLUSTI
959 160 988 197 I.

143 273 252 308 opere
274 259 510 309 Fragmenta.
565 258 671 295 Duas
705 260 754 296 ad
788 259 976 296 Caesarem
1011 260 1057 297 de
1093 259 1303 309 Republica
1345 274 1399 297 or-

144 313 306 350 dinanda
352 312 551 349 Orationes
601 312 779 349 Sallustio
815 312 944 349 Carrio
978 313 1192 363 adjudicat,
1234 313 1397 351 vindicat

143 373 268 404 autem
312 366 470 403 Douza:
528 365 727 415 stylusque
771 365 880 415 plane
917 365 1180 404 Sallustianus.
1251 367 1322 404 Illa
1359 368 1396 403 in

145 421 361 457 Ciceronem
396 418 537 465 Oratio,
556 419 626 457 etsi
656 418 679 455 ὲ,
712 419 829 456 Fabio
863 419 1093 463 Quintiliano
1128 422 1198 457 sub
1228 420 1396 458 Sallustii

144 474 293 511 nomine
331 472 496 518 laudata,
531 478 589 510 est
615 472 740 521 potius
774 472 899 509 Porcii
939 472 1065 510 forsan
1099 473 1287 518 Latronis,
1335 473 1395 511 vel

146 527 296 564 alterius
327 525 521 577 cujusdam
552 540 599 563 ex
630 526 700 562 illis
735 525 1061 570 declamatoribus,
1099 541 1194 577 quos
1230 528 1398 564 nominat

151 581 207 618 M.
228 581 376 617 Seneca
394 580 430 615 in
451 579 637 616 Suasoriis
664 585 702 616 et
723 579 1006 617 controversiis.
1059 580 1104 617 In
1132 586 1236 631 parte
1251 580 1387 631 Operis

147 635 193 670 de
213 634 344 670 Rebus
364 632 530 683 Punicis,
555 638 658 670 tanto
691 633 803 670 animi
835 632 958 669 studio
990 634 1173 680 incubuit,
1191 640 1231 671 ut
1264 634 1286 670 εὶ
1318 634 1398 684 qui-

146 688 305 724 busdam
339 686 519 736 scriptum
559 687 607 724 sit
643 700 729 723 eum
764 687 957 736 regionem
988 687 1142 732 adiisse,
1161 700 1203 723 ac
1233 684 1397 723 maxima

149 740 319 778 sollertia
354 739 618 789 perlustrasse,
655 739 730 789 quo
762 742 898 791 majore
934 740 1007 777 fide
1043 741 1235 778 veritatem
1271 740 1400 790 explo-

149 800 257 831 raret.
313 793 481 830 Sallustii
500 793 538 830 in
559 794 627 831 Cn.
646 793 867 844 Pompeium
888 792 1015 830 odium
1044 794 1207 831 Lenaeus
1226 793 1399 843 Pompeii

147 848 305 884 libertus
338 847 460 883 satiris
488 847 726 885 mordacibus
754 847 855 884 ultus
890 851 958 884 est.
1027 847 1082 885 M.
1122 847 1267 884 Seneca
1293 852 1399 884 notat

149 901 223 938 Tit.
249 900 398 937 Livium
420 899 598 938 Sallustio
614 901 781 951 iniquum
796 901 924 937 fuisse.
966 900 1194 937 Sallustiana
1211 900 1400 937 scribendi

150 955 243 991 ratio
275 953 298 990 a
318 954 446 1003 paucis
474 954 626 1004 quidem
658 955 835 1004 carpitur,
863 953 1031 1003 plurimis
1056 959 1181 992 autem
1207 954 1398 1003 probatur.

150 1007 282 1044 Asinio
319 1007 480 1044 Pollioni
513 1008 704 1058 displicuit
734 1007 913 1058 tanquam
945 1008 1104 1045 obscura
1136 1013 1172 1044 et
1201 1007 1398 1050 affectata3

152 1062 304 1105 Lenaeo,
340 1066 518 1110 tanquam
551 1062 712 1111 antiquis
745 1062 871 1099 verbis
910 1074 957 1098 ex
989 1061 1140 1098 Catonis
1180 1060 1399 1110 Originibus

153 1115 339 1164 excerptis
361 1116 503 1152 referta.
556 1115 609 1152 At
628 1114 717 1152 vero
750 1115 913 1161 Velleio,
943 1114 1179 1165 Thucydidis
1211 1113 1399 1160 aemulus3

153 1168 327 1206 Cornelio
373 1167 517 1213 Tacito,
560 1168 814 1205 Romanorum
851 1182 973 1205 rerum
1020 1168 1153 1205 author
1187 1167 1402 1204 florentissi-

153 1235 262 1263 1nus;
292 1221 405 1258 Vibio
426 1220 632 1270 Sequestri,
662 1222 794 1259 author
821 1223 1064 1264 certissimus,
1104 1222 1143 1258 S.
1171 1220 1400 1270 Augustino,

153 1275 355 1313 nobilitatae
385 1275 549 1312 veritatis
582 1275 799 1313 Historicus
834 1282 870 1313 et
902 1275 1147 1313 electissimus
1186 1275 1388 1312 verborum

155 1335 360 1378 pensator3
388 1326 569 1374 Martiali,
591 1328 629 1365 in
659 1328 832 1365 Romana
864 1329 1034 1367 Historia
1052 1328 1221 1378 primus;
1255 1327 1401 1364 dicitur·

158 1382 308 1420 Laudat
343 1383 422 1432 ejus
459 1383 692 1427 brevitatem,
726 1382 798 1432 quii
836 1382 1097 1432 Thucydidem
1140 1381 1265 1430 ipsum
1299 1380 1402 1426 vicit,

155 1437 432 1486 proprietatem,
478 1436 528 1474 A.
574 1435 744 1481 Gellius3
798 1436 1076 1485 praejudicatam
1127 1433 1401 1474 authoritatem.

156 1490 336 1527 Avienus.
406 1487 518 1526 Tanti
550 1490 630 1539 ejus
665 1488 852 1526 Historias
886 1489 1012 1526 Graeci
1044 1487 1181 1534 fecere,
1211 1492 1251 1523 ut
1284 1485 1403 1522 Zeno-

156 1544 241 1580 bius
260 1558 323 1580 eas
341 1543 503 1580 verterit.
566 1542 703 1591 Asperi
732 1543 770 1578 in
796 1556 881 1579 eum
915 1542 1198 1579 commentarios
1223 1545 1402 1576 memorat
1454 1548 1457 1549 ’

158 1597 280 1633 Divus
299 1597 565 1646 Hieronymus
630 1595 796 1633 Sallustii
829 1595 1010 1634 Historici
1042 1595 1179 1632 sororis
1206 1593 1304 1629 filius
1332 1592 1403 1629 fuit

158 1650 251 1687 alter
283 1650 496 1696 Sallustius,
521 1649 568 1685 ad
599 1662 711 1699 quem
739 1649 918 1686 Horatius
947 1649 985 1685 in
1015 1648 1120 1685 Odis.
1187 1645 1401 1689 Sallustius,

158 1704 203 1740 de
220 1717 293 1754 quo
312 1718 412 1741 nunc
442 1704 600 1753 agimuS,
633 1702 877 1754 quadriennio
914 1706 998 1739 ante
1032 1701 1225 1740 Actiacum
1261 1699 1402 1737 bellum

160 1758 262 1794 obiit.
