1492 2531
159 73 232 109 144
401 75 771 115 HISTORIARUM
800 77 1149 118 FRAGMENTA.

570 427 973 469 LECTORI.

202 550 398 588 Hactemls
415 550 653 599 Fragmenta
670 551 933 601 florentissimi
962 553 1104 591 Rerum
1122 555 1385 594 Romanorum

150 622 356 672 scriptoris,
385 635 462 672 quoe
492 626 617 659 extare
642 627 832 671 putamus.
887 623 1036 660 Caetera
1063 638 1139 675 qzcoe
1166 632 1384 676 sequuntur,

151 691 192 726 in
210 690 297 728 MS.
316 691 448 728 Servio
466 691 543 741 legi
562 695 694 728 (tactor
708 696 763 728 est
788 691 830 729 V.
849 691 904 729 cl.
922 691 1099 730 Andreas
1119 694 1316 733 Schottus:
1344 697 1384 734 in

150 761 294 810 optimc}
321 766 447 798 tamen
486 759 554 798 illd
592 761 780 799 Honorati
818 762 993 800 Editione
1023 763 1047 800 ὰ
1076 763 1191 802 Petro
1226 766 1383 804 Daniele

149 832 183 870 1.
202 832 245 870 C.
259 831 466 882 procuratis}
485 846 557 869 non
578 837 807 882 comparent.

202 956 222 975 ²⁶
242 967 276 989 m
297 967 337 990 or
355 953 508 1003 Trequii
534 959 666 1003 praeter
685 968 701 990 s
729 968 747 990 r
776 955 868 991 ciem
897 956 1143 992 necessarium
1170 957 1270 993 haud
1287 957 1382 993 inul-

147 1005 185 1043 to
215 1007 323 1044 secus
352 1006 463 1057 quam
492 1007 587 1043 ferro
618 1008 741 1043 noceri
769 1013 922 1056 poterat.
992 1009 1044 1045 At
1078 1009 1264 1054 Varinius,
1295 1010 1381 1046 dum

146 1060 228 1097 haec
258 1066 419 1111 aguntur
450 1059 472 1096 a
511 1060 690 1109 fugitivis,
732 1059 834 1110 aegra
872 1067 976 1110 parte
1016 1061 1174 1098 militum
1215 1064 1382 1100 autumni

146 1114 342 1163 gravitate,
378 1127 496 1162 neque
533 1127 577 1150 ex
615 1115 803 1163 postrema
836 1114 938 1163 fugat,
977 1115 1059 1151 cuni
1096 1129 1224 1153 severo
1260 1117 1381 1153 edicto

138 1169 372 1217 juberentur,
391 1167 473 1204 ullis
492 1168 539 1203 ad
559 1167 665 1217 signa
684 1168 936 1211 redeuntibuS,
965 1175 1002 1205 et
1030 1169 1092 1218 qui
1121 1168 1250 1218 reliqui
1277 1175 1382 1206 erant

145 1235 213 1270 per
250 1235 392 1257 summa
426 1220 565 1270 flagitia
599 1221 889 1258 detrectantibus
926 1221 1107 1268 militiam,
1145 1223 1380 1266 Quaestorem

144 1289 251 1311 suum
292 1275 334 1311 C.
370 1274 598 1311 Thoranium
642 1288 688 1310 ex
733 1288 806 1323 quo
848 1280 1031 1323 praesente
1074 1289 1161 1312 vera
1205 1275 1380 1313 facillime

143 1333 353 1365 noscerent.
420 1329 489 1350 μ’*
536 1328 806 1372 commiserant,
844 1334 881 1365 et
922 1333 1042 1365 tamen
1086 1327 1233 1366 interim
1266 1342 1378 1378 quum

143 1382 354 1418 volentibus
375 1394 525 1417 numero
545 1391 715 1429 quatuor.

200 1438 221 1455 ⁴
249 1436 367 1484 ingre,
394 1440 505 1471 tantae
533 1434 622 1471 setui
663 1434 950 1481 debacchantur,
989 1436 1189 1472 nefandum
1224 1436 1261 1472 in
1299 1449 1377 1473 mo-

143 1489 231 1524 dum
256 1501 429 1538 perverso
448 1488 614 1531 vulnere,
641 1493 677 1524 et
705 1488 887 1524 interdum
915 1488 1078 1525 lacerum
1107 1502 1241 1538 corpus
1270 1489 1378 1525 semi-

140 1542 303 1578 animum
334 1541 558 1586 omittentes,
577 1540 639 1577 alii
658 1541 693 1576 in
713 1546 812 1577 tecta
833 1541 1021 1591 jaciebant
1048 1543 1168 1592 igneS,
1197 1541 1377 1593 multique

139 1609 186 1631 ex
214 1595 296 1631 loco
326 1595 436 1639 servi,
466 1608 558 1643 quos
586 1594 773 1643 ingenium
802 1595 922 1631 socios
952 1595 1078 1639 dabat,
1105 1595 1231 1632 abdita
1259 1595 1281 1632 a
1310 1596 1376 1632 do-

139 1650 259 1694 minis,
288 1655 351 1685 aut
379 1648 480 1697 ipsos
500 1647 693 1684 trahebant
713 1661 759 1684 ex
778 1647 938 1691 occulto,
966 1661 1087 1697 neque
1117 1654 1285 1685 sanctum
1314 1654 1377 1685 aut

139 1703 338 1739 nefandum
375 1701 574 1751 quicquam
607 1701 677 1737 fuit
704 1701 769 1737 irae
805 1701 1060 1747 barbarorum,
1095 1707 1131 1738 et
1168 1701 1291 1739 servili
1326 1702 1377 1738 in-

139 1757 268 1803 genio:
306 1768 389 1806 quae
416 1754 618 1803 Spartacus
652 1755 831 1803 nequiens
870 1755 1078 1802 prohibere,
1105 1754 1231 1792 multis
1259 1755 1375 1804 preci-

138 1810 208 1845 bus
229 1809 312 1845 cum
333 1813 465 1852 oraret,
485 1807 672 1844 celeritate
695 1810 763 1830 *²⁰*
784 1808 945 1845 nuntios.

192 1862 349 1912 Aliquot
376 1861 455 1898 dies
484 1866 611 1897 contra
643 1874 782 1897 morem
818 1861 952 1897 fiducia
979 1861 1106 1910 augeri
1136 1861 1270 1898 nostris
1299 1875 1372 1897 coe-

137 1917 203 1965 pit,
232 1922 268 1951 et
296 1915 415 1964 promi
452 1914 590 1964 lingna.
665 1914 750 1958 Qua
786 1914 962 1950 Varinius
1006 1920 1133 1951 contra
1172 1919 1373 1963 spectatam

135 1983 213 2005 rein
242 1967 389 2004 incaute
420 1973 538 2003 motos
567 1981 683 2003 novos
712 1969 993 2017 incognitosque
1023 1974 1060 2005 et
1088 1967 1243 2004 aliorum
1283 1968 1374 2003 easi-

137 2024 206 2058 bus
225 2021 417 2071 perculsos
446 2020 592 2065 milites,
622 2021 723 2057 ducit
751 2027 873 2057 tamen
901 2021 949 2057 ad
977 2026 1099 2057 castra
1125 2019 1372 2069 fugitivorum.

136 2076 271 2112 Presso
292 2075 409 2124 gradu
428 2074 575 2110 silentes
598 2075 690 2124 jain,
710 2087 829 2124 neque
859 2079 933 2110 tam
962 2072 1159 2123 magnifice
1184 2079 1372 2110 sumentes

135 2129 307 2177 proelium
336 2126 448 2177 quam
476 2126 763 2175 postulaverant.
833 2126 960 2177 Atque
989 2127 1042 2163 illi
1071 2126 1259 2164 certamini
1288 2140 1374 2162 con-1

136 2183 203 2219 scii
222 2183 316 2218 inter
345 2195 383 2218 se
407 2182 516 2230 juxta
536 2180 754 2217 seditionem
781 2185 897 2217 erant.
954 2181 1065 2217 Crixo
1085 2184 1121 2216 et
1139 2179 1259 2228 gentis
1279 2180 1373 2229 eJus-

135 2237 220 2272 dein
240 2234 357 2272 Gallis
393 2239 502 2283 atque
541 2233 738 2270 Germanis
775 2233 922 2270 obviam
951 2234 1016 2277 ire,
1044 2237 1081 2271 et
1108 2231 1205 2270 ultro
1241 2232 1371 2270 offerre

135 2302 299 2339 pugnam
318 2287 553 2337 cupientibus
578 2292 706 2324 contra
727 2287 958 2338 Spartacum.
