1492 2531
351 109 421 146 DE
455 107 754 146 REPUBLICA
789 107 1123 146 ORDINANDA.
1278 108 1349 145 157

126 225 273 262 quoque
309 225 455 261 genere,
487 212 630 248 futurus
664 211 722 249 sit.
787 211 844 247 Ea
878 211 964 247 mihi
996 211 1117 247 omnia
1145 209 1348 260 generatim

127 265 332 302 describere
350 265 449 301 haud
476 264 620 301 difficile
650 264 749 301 factu
777 265 864 301 fuit:
895 265 959 302 sed
979 264 1078 313 prius
1106 264 1347 301 laborandum

126 318 245 354 visum
264 324 320 355 est
340 318 384 355 de
404 318 547 355 summa
567 317 720 363 consilii,
738 318 850 367 idque
869 318 937 355 tibi
965 318 1192 368 probandum
1222 331 1347 354 verum

127 385 218 408 esse.
280 371 319 408 Si
354 371 423 408 hoc
460 372 587 408 itinere
618 371 668 408 uti
698 371 919 415 decreveris,
949 378 1082 408 caetera
1112 371 1146 407 in
1177 378 1348 420 promptu

125 432 243 462 erunt.
297 424 396 461 Volo
416 439 499 475 ego,
530 424 722 461 consilium
747 439 868 461 meum
899 426 1074 475 prudens,
1105 423 1348 473 maxumeque

127 478 209 514 usui
243 492 336 516 esse.
402 479 514 521 Nam,
540 479 764 527 ubicumque
786 479 850 514 tibi
882 492 938 514 res
966 478 1143 528 prospere
1160 478 1278 522 cedet,
1298 478 1348 514 ibi

124 531 211 566 mihi
231 534 327 570 bona
344 532 441 568 fama
460 531 612 568 eveniet.
651 531 725 568 Sed
743 545 798 568 me
816 531 880 567 illa
898 531 1016 581 magis
1035 532 1169 581 cupido
1189 538 1350 572 exercet,

124 582 180 620 uti
208 598 443 634 quocumque
474 585 597 630 modo,
630 590 666 621 et
696 584 979 634 quamprimum,
1010 585 1218 634 respublica
1250 585 1351 635 adju-

125 644 240 676 vetur.
296 639 520 675 Libertatem
551 637 668 687 gloria
696 638 872 675 cariorem
904 638 1047 684 habe03
1076 645 1186 687 atque
1215 652 1284 688 ego
1313 644 1349 675 te

125 704 189 727 oro
224 693 436 741 hortorque,
464 691 524 736 ne,
557 691 794 728 clarissumus
824 692 1035 741 imperator,
1064 692 1210 728 Gallica
1239 698 1349 741 gente

124 745 291 791 subacta,
309 745 437 795 populi
455 745 615 782 Romani
634 758 815 781 summum
834 750 943 796 atque
963 745 1140 781 invictum
1158 746 1350 794 imperium

124 799 314 836 tabescere
349 803 545 844 vetustate,
580 812 624 834 ac
660 812 724 847 per
755 812 935 835 summam
972 799 1190 835 discordiam
1223 798 1350 844 dilabi,

124 852 286 899 patiaris.
321 850 507 898 Profecto,
522 852 553 888 si
566 852 604 888 id
620 851 774 896 accidat,
789 865 909 901 neque
929 852 995 889 tibi
1014 866 1100 897 uox,
1119 866 1239 902 neque
1259 852 1350 895 dies,

123 917 249 941 curam
278 905 388 941 animi
420 905 622 949 sedaverit3
666 905 755 953 quin
790 905 827 941 in
863 906 1012 942 somniis
1041 906 1235 948 exercitus,
1265 906 1351 942 furi-

123 958 284 1002 bundus,
303 964 414 1008 atque
435 972 573 1001 amens,
588 958 748 995 alienata
767 965 886 995 mente
906 959 1046 996 feraris.
1074 959 1244 1008 Namque
1264 960 1350 996 mihi

122 1025 188 1060 pro
208 1025 295 1049 vero
316 1018 473 1054 constat,
494 1012 656 1048 omnium
675 1011 882 1048 mortalium
910 1013 1022 1049 vitam
1052 1013 1174 1049 divino
1203 1013 1349 1049 numine

122 1065 253 1102 invisi:
300 1079 421 1114 neque
454 1066 591 1101 bonum
626 1079 746 1115 neque
779 1065 915 1101 malum
955 1066 1096 1102 facinus
1134 1067 1349 1116 cujusquam

124 1131 189 1166 pro
212 1119 325 1155 nihilo
355 1119 499 1155 haberi:
529 1119 609 1163 sed,
637 1132 683 1154 ex
711 1119 853 1160 natura,
881 1119 1027 1155 diversa
1056 1121 1205 1168 praemia
1230 1121 1350 1157 bonos

123 1171 312 1222 malosque
350 1172 467 1221 sequi.
532 1171 680 1209 Interea
725 1171 818 1209 forte
856 1186 898 1209 ea
935 1172 1076 1209 tardius
1123 1174 1347 1222 procedunt:

121 1238 210 1260 suus
232 1227 363 1274 cuique
393 1226 537 1261 animus
568 1239 614 1262 ex
645 1226 869 1262 conscientia
899 1239 1002 1275 spem
1032 1227 1183 1275 praebet.
1238 1225 1352 1271 Quod

124 1278 154 1314 si
172 1283 294 1315 tecum
316 1279 431 1328 patria
449 1284 558 1328 atque
589 1284 758 1327 parentes
779 1287 932 1328 possent
956 1279 1072 1329 loqui,
1101 1279 1241 1317 seilicet
1270 1281 1350 1318 haec

120 1331 189 1368 tibi
218 1332 400 1369 dicerent:
432 1331 465 1368 O
493 1332 631 1376 Caesar,
660 1346 728 1368 nus
755 1338 789 1369 te
819 1334 1013 1382 genuimus
1042 1334 1242 1370 fortissumi
1271 1335 1351 1377 viri,

121 1384 157 1420 in
194 1386 346 1434 optuma
393 1387 496 1430 urbe,
534 1386 648 1422 decus
685 1386 969 1436 praesidiumque
1016 1387 1136 1430 uobis,
1180 1387 1349 1425 hostibus

121 1443 309 1476 terrorem.
365 1439 460 1483 Quae
489 1439 610 1475 multis
638 1438 828 1475 laboribus
851 1445 887 1476 et
915 1440 1090 1489 periculis
1119 1455 1348 1490 ceperamus,

120 1505 164 1527 ea
207 1491 275 1528 tibi
311 1493 477 1529 nascenti
511 1506 596 1529 cum
631 1493 752 1529 anim&
788 1493 895 1529 simul
930 1494 1162 1537 tradidimus,
1194 1496 1349 1543 patriam

121 1558 328 1582 maxumam
347 1546 384 1581 in
402 1547 529 1589 terris;
559 1546 706 1583 domum
736 1547 979 1595 familiamque
1013 1547 1047 1582 in
1079 1548 1196 1598 patri&
1229 1549 1349 1585 claris-

121 1611 286 1642 sumam3
316 1598 491 1649 praeterezi
510 1601 625 1636 bonas
644 1605 754 1645 artes,
773 1600 944 1636 honestas
962 1600 1129 1646 divitias3
1159 1603 1348 1651 postrem6

119 1652 242 1688 omnia
276 1652 556 1689 honestamenta
600 1653 714 1701 pacis,
752 1659 787 1689 et
822 1655 972 1702 praemia
1012 1654 1111 1690 belii.
1182 1655 1255 1692 Pro
1293 1656 1348 1692 his

118 1704 364 1754 amplissumis
395 1706 597 1752 beneficiis,
624 1721 697 1743 non
730 1706 909 1757 flagitium
943 1707 965 1743 εὶ
995 1713 1044 1753 te,
1072 1722 1193 1757 neque
1213 1708 1349 1746 malum

122 1758 273 1802 facinus,
307 1759 490 1807 petimus3
531 1760 596 1796 sed
632 1758 686 1796 uti
721 1760 927 1797 libertatern
962 1774 1125 1798 eversam
1162 1763 1348 1800 restituas.

121 1810 261 1854 Quare
290 1813 444 1860 patrata,
474 1811 641 1860 profecto
670 1827 736 1862 per
764 1820 892 1863 gentes
924 1828 1049 1851 omnes
1078 1815 1176 1852 fama
1203 1816 1348 1853 virtutis

119 1870 192 1901 tuae
222 1865 400 1902 volitabit.
452 1865 625 1916 Namque
650 1867 719 1903 hac
739 1874 970 1916 tempestate,
998 1870 1144 1907 tametsi
1163 1868 1262 1905 domi
1281 1870 1350 1906 mi-

118 1917 282 1968 litiaeque
319 1919 497 1967 praeclara
525 1920 685 1957 facinora
715 1921 843 1970 egisti3
876 1926 999 1958 tamen
1028 1921 1146 1971 gloria
1173 1928 1238 1959 tua
1266 1937 1347 1960 cum

118 1972 243 2008 multis
281 1973 366 2009 viris
401 1973 554 2010 fortibus
583 1973 734 2023 aequalis
764 1981 840 2013 est:
870 1975 900 2011 si
928 1973 1017 2012 vero
1047 1977 1174 2012 urbem
1202 1976 1352 2025 amplis—

119 2039 224 2061 sumo
252 2027 412 2068 nomine,
431 2030 467 2062 et
485 2040 655 2064 maxumo
683 2028 849 2077 imperio,
881 2028 997 2078 prope
1020 2028 1101 2076 jam
1133 2030 1180 2066 ab
1214 2043 1346 2066 occasu

121 2078 345 2125 restitueris3
384 2079 466 2129 quis
499 2086 532 2116 te
566 2080 708 2125 clarior,
739 2082 822 2130 quis
854 2082 981 2131 major,
1011 2082 1048 2118 in
1079 2083 1182 2119 terris
1210 2083 1348 2121 fuerit?

118 2130 269 2181 Quippe
298 2133 329 2168 si
356 2134 483 2169 morbo
506 2135 596 2184 jam,
612 2140 675 2170 aut
705 2135 791 2178 fato,
822 2134 906 2170 huic
935 2135 1088 2184 imperio
1117 2149 1224 2173 secus
1253 2137 1349 2174 acci-

120 2185 204 2230 dat3
231 2185 289 2221 eui
322 2186 472 2222 dubium
502 2193 570 2231 est,
600 2188 689 2237 quin
720 2201 785 2236 per
816 2189 943 2224 orbem
974 2195 1152 2226 terrarum
1179 2189 1346 2235 vastitas,

119 2236 231 2283 bella,
251 2239 384 2284 caedes,
404 2239 594 2276 oriantur?
648 2240 760 2284 Quod
784 2242 815 2278 si
844 2241 908 2278 tibi
942 2243 1041 2279 bona
1068 2242 1196 2280 lubido
1225 2243 1346 2288 fuerit,

120 2291 261 2339 patriae,
290 2294 506 2341 parentibus
537 2293 787 2344 gratificandi3
828 2302 977 2343 postero
1006 2302 1183 2344 tempore,
1214 2298 1347 2345 repub-

119 2342 190 2380 lica
213 2345 392 2392 restituta,
423 2360 534 2396 super
565 2346 684 2385 omnis
714 2347 879 2385 mortalis
909 2348 1027 2398 gloria
1055 2350 1194 2399 agnita,
1219 2350 1345 2398 tuique
