1492 2531
160 84 234 122 120
642 83 912 121 SALLUSTII

211 187 328 231 Quasi
364 201 430 236 par
462 187 498 223 in
533 186 670 236 oppido
706 187 893 224 festinatio
920 192 955 224 et
982 187 1113 237 ingens
1143 194 1260 227 terror
1291 197 1380 237 erat,

156 254 204 277 ne
230 254 277 278 ex
294 240 409 277 latere
438 254 535 277 nova
553 240 779 277 munimenta
808 241 954 277 madore
974 241 1266 280 infirmarentur:
1294 258 1379 282 nam

155 294 290 331 moenia
319 294 444 342 oppidi
473 291 708 341 stagnabant,
739 294 1031 330 redundantibus
1060 295 1195 332 cloacis
1224 298 1378 335 adverso

156 352 251 384 aestu
271 347 394 384 maris.
447 345 547 383 Non.
561 345 600 382 in
619 345 773 383 Mador.

208 401 326 450 Equis
344 405 380 436 et
398 401 506 437 armis
526 400 723 437 decoribus
740 400 874 437 cultus.
929 398 1164 447 Priscianus,
1185 402 1247 439 lib.
1266 404 1314 441 vi.

205 454 421 491 Dedecores
440 453 622 503 inultique
643 458 745 502 terga
763 454 809 490 ab
829 453 998 490 hostibus
1019 455 1271 494 caedebantur.
1316 457 1375 495 Id.

206 505 345 544 Contra
364 507 425 544 ille
444 507 537 543 calvi
566 512 666 543 ratus
687 507 917 556 quaerebant,
936 520 1024 542 num
1053 509 1194 544 somnio
1226 510 1374 547 thesau-

153 574 214 597 rus
234 561 526 610 portenderetur.
583 560 698 602 Idem,
719 558 781 596 lib.
800 560 874 596 viii.
928 559 1028 596 Non.
1049 560 1090 597 in
1111 561 1297 600 calvitur.

205 613 315 650 Parte
343 612 576 663 consumpta,
605 613 749 662 reliqua
782 614 1003 651 cadaverum
1032 615 1077 650 ad
1096 615 1373 653 diuturnitatem

150 682 240 705 usus
259 667 437 704 fallerent.
493 666 618 704 Prisc.
641 667 663 704 l.
680 681 715 703 x.

291 753 508 832 'Epistola
538 769 623 818 Cn.
649 768 867 831 Pompeii
887 770 950 816 ad
973 769 1217 818 Senatum.

199 881 238 918 Si
271 879 448 918 advorsus
484 895 563 926 vos,
595 881 822 931 patriamque
853 886 888 917 et
917 881 1005 917 deos
1037 886 1204 930 penates,
1236 883 1370 921 totiens

144 935 290 972 labores
324 941 360 972 et
393 934 559 984 pericula
595 935 854 984 suscepissem,
888 934 1058 983 quotiens
1089 933 1111 970 ἐι
1139 934 1258 984 prima
1285 938 1370 974 ado-

143 987 336 1034 lescentia,
362 990 476 1025 ductu
502 1002 597 1032 meo,
622 988 889 1025 scelestissumi
918 988 1042 1024 hostes
1074 988 1158 1034 fusi,
1194 994 1230 1026 et
1261 991 1367 1028 vobis

144 1041 246 1079 salus
265 1043 424 1091 quaesita
444 1047 519 1085 est;
549 1041 638 1078 nihil
667 1041 825 1090 amplius
854 1041 892 1077 in
910 1042 1100 1077 absentem
1130 1056 1186 1079 me
1217 1044 1366 1081 statuis-

144 1096 248 1139 setis,
278 1094 390 1145 quam
424 1095 543 1131 adhuc
576 1094 700 1145 agitis,
737 1093 780 1131 P.
810 1095 876 1140 C.;
906 1107 1029 1143 quem,
1062 1100 1190 1131 contra
1221 1100 1366 1134 aetatem

142 1150 350 1198 projectum
379 1149 422 1185 ad
443 1148 581 1185 bellum
611 1149 884 1193 saevissumum,
903 1161 989 1183 cum
1023 1148 1184 1184 exercitu
1215 1149 1366 1197 optume

141 1203 286 1248 merito,
312 1201 489 1252 quantum
522 1207 578 1239 est
606 1202 643 1238 in
674 1201 794 1245 vobis,
825 1202 932 1244 fame,
958 1200 1175 1237 miserruma
1203 1203 1365 1241 omnium

141 1261 272 1301 morte,
291 1256 514 1292 confecistis.
568 1255 651 1291 Hac
678 1256 715 1291 in
735 1268 800 1304 spe
831 1254 990 1303 populus
1009 1254 1201 1291 Romanus
1227 1255 1364 1294 liberos

139 1323 227 1346 suos
247 1309 293 1345 ad
312 1309 451 1345 bellum
470 1308 600 1344 misit?
654 1308 749 1344 Haec
777 1313 861 1344 sunt
879 1307 1031 1356 praemia
1051 1321 1117 1356 pro
1136 1308 1364 1357 vulneribus,

139 1368 176 1399 et
202 1363 337 1399 totiens
362 1364 409 1399 ob
438 1362 706 1411 rempublicam
724 1362 806 1398 fuso
839 1361 1051 1410 sanguine?
1106 1361 1242 1398 Fessus
1271 1364 1362 1399 scri-

138 1417 279 1461 bundo,
306 1416 563 1465 mittundoque
585 1415 743 1465 legatos,
764 1413 883 1451 omnis
917 1412 999 1463 opis
1029 1420 1065 1451 et
1089 1428 1174 1463 spes
1201 1415 1362 1464 privatas

136 1483 238 1506 meas
270 1470 504 1518 consumpsi:
535 1469 618 1505 ciim
645 1467 793 1505 interim
822 1466 845 1503 εὶ
874 1468 978 1504 vobis
997 1482 1064 1518 per
1088 1467 1282 1504 triennium
1301 1469 1362 1506 vix

136 1536 280 1559 annuus
313 1528 454 1559 sumtus
485 1524 591 1559 datus
621 1527 687 1559 est.
743 1522 817 1558 Per
849 1521 937 1557 deos
968 1519 1208 1558 immortalis!
1239 1522 1361 1559 utriun

135 1576 309 1620 censetis,
343 1590 399 1613 me
435 1576 554 1614 vicem
591 1575 708 1613 aerarii
738 1579 927 1623 praestare,
965 1588 1011 1611 an
1046 1575 1248 1611 exercitum
1280 1575 1359 1613 sine

132 1630 317 1666 frumento
337 1636 372 1665 et
400 1630 584 1679 stipendio
613 1629 745 1665 hahere
765 1627 903 1677 posse?
958 1628 1141 1678 Equidem
1167 1628 1282 1665 fateor
1300 1643 1358 1666 me

132 1685 180 1719 ad
199 1683 267 1719 hoc
303 1682 442 1719 bellum
471 1684 606 1734 majore
640 1682 761 1718 studio
801 1681 913 1730 quam
946 1681 1098 1718 consilio
1127 1682 1356 1730 profectum:

131 1737 268 1786 quippe
287 1737 364 1786 qui,
383 1737 530 1773 nomine
551 1735 660 1772 modo
685 1735 829 1784 imperii
847 1734 869 1770 ἐι
900 1735 1006 1772 vobis
1038 1740 1204 1784 accepto,
1224 1735 1356 1772 diebus

130 1790 376 1839 quadraginta
406 1790 609 1826 exercitum
645 1789 797 1838 paravi3
838 1787 1042 1838 hostisque,
1078 1788 1114 1824 in
1148 1788 1354 1825 cervicibus

123 1843 202 1892 jam
230 1843 350 1880 Italiae
382 1842 542 1893 agentis,
572 1844 618 1879 ab
646 1842 809 1892 Alpibus
839 1842 876 1877 in
906 1841 1128 1891 Hispaniam
1162 1842 1354 1878 summovi.

129 1896 203 1933 Per
234 1910 297 1933 eas
334 1897 402 1933 iter
435 1897 548 1941 aliud,
585 1902 695 1945 atque
732 1894 935 1939 Hannibal,
968 1895 1075 1931 nobis
1112 1894 1352 1944 opportunius

127 1950 298 1998 patefeci.
386 1950 524 1999 Recepi
577 1950 749 1993 Galliam,
812 1948 1048 1998 Pyrenaeum,
1111 1947 1350 1992 Laletaniam,

127 2003 352 2051 Ilergetum:
383 2009 419 2040 et
453 2004 612 2052 primum
648 2003 827 2051 impetum
866 2001 1016 2038 Sertorii
1048 2001 1210 2044 victoris,
1246 2001 1351 2037 novis

126 2057 277 2105 quidem
310 2056 500 2102 militibus,
536 2062 572 2094 et
603 2055 720 2093 multo
756 2055 1008 2105 paucioribus,
1044 2054 1219 2091 sustinui:
1266 2053 1352 2103 bye—

125 2122 296 2159 memque
333 2109 369 2145 in
417 2110 548 2147 castris
589 2110 685 2146 inter
734 2109 969 2145 saevissumos
1003 2106 1135 2149 hostis,
1168 2120 1241 2143 non
1284 2120 1350 2155 per

125 2163 276 2213 oppida,
294 2176 414 2211 neque
442 2177 488 2201 ex
507 2163 706 2200 ambitione
736 2162 832 2206 mea,
861 2160 933 2211 egi.
989 2160 1084 2203 Quid
1103 2160 1187 2196 dein
1206 2160 1348 2209 proelia,

123 2223 188 2253 aut
223 2216 478 2265 expeditiones
515 2217 715 2266 hybernas,
753 2215 890 2264 oppida
926 2215 1060 2257 excisa,
1093 2218 1157 2250 aut
1187 2218 1348 2263 recepta,

122 2283 336 2307 enumerem
355 2270 361 2306 !
393 2269 541 2319 quando
562 2283 617 2306 res
643 2268 728 2319 plus
759 2268 884 2305 valent
902 2265 1014 2317 quam
1036 2267 1159 2304 verba.
1216 2266 1347 2304 Castra

121 2323 283 2361 hostium
316 2323 416 2373 apud.
442 2323 644 2361 Sucronem
675 2326 796 2372 capta,
826 2326 862 2359 et
889 2319 1059 2370 proelium
1093 2320 1193 2370 apud
1210 2320 1346 2359 flumen
