1492 2531
156 68 230 105 140
622 72 893 111 SALLUSTII

205 170 362 208 Sanctus
381 172 464 209 alia.
517 172 635 211 Idem.

206 224 378 262 Geronis.
432 225 549 264 Idem.

206 278 299 321 Quae
319 293 431 316 causa
449 280 566 318 fuerat
584 282 764 318 novandis
784 284 910 319 rebus.
966 281 1080 319 Idem.

205 331 385 368 Radicem
409 335 540 371 montis
561 335 732 372 excessit.
788 335 904 372 Statii
922 335 1122 385 interpres.

205 384 256 421 Ut
285 399 342 421 res
370 386 488 436 magis
512 387 623 438 quam
643 390 753 425 verba
773 396 998 437 gererentur,
1028 390 1165 426 liberos
1195 393 1384 438 parentes-

154 452 226 488 que
241 438 276 474 in
296 440 409 476 muris
428 440 651 478 locaverant.
704 441 819 479 Idem.

206 492 353 528 Incerta
371 499 427 530 est
445 495 620 531 fortitudo
641 496 728 531 dum
746 496 894 544 pendet.
943 496 1057 534 Idem.

207 545 251 581 In
264 546 401 595 quibus
420 547 586 597 plaustra
605 550 711 585 sedes
731 555 827 586 suut.
876 548 977 586 Acro
995 552 1042 587 ad
1058 547 1280 586 Horatium.

206 598 315 635 Luxo
329 600 435 649 pede.
492 601 653 639 Probus.

212 650 423 702 Maurique,
455 669 591 692 vanum
616 670 744 704 genus,
778 663 816 692 ut
847 656 918 692 ulia
934 655 1087 700 Africae,
1107 653 1384 691 contendebant

153 705 360 755 Antipodas
381 707 477 744 ultra
491 707 725 758 AEthiopiam
745 709 844 746 cultu
875 709 1071 746 Persarum
1085 709 1209 758 justos
1228 713 1264 744 ct
1279 719 1385 755 egre-

154 760 235 807 gios
264 773 385 808 agere.
439 762 680 800 Prisce'amffi.

207 812 255 848 Et
273 813 507 863 'Perpennam
528 815 621 852 forte
640 816 832 866 cognoscit
850 815 963 852 mulio
982 813 1237 864 redemptoris.
1284 811 1386 849 Acro

154 865 194 901 in
215 865 430 905 Horatium.

208 919 382 958 Omnium
414 923 605 959 fluminum
641 935 723 972 quae
753 923 790 958 in
825 924 950 967 maria,
980 921 1055 971 qua
1083 921 1277 970 imperium
1300 919 1378 956 Ro-

158 986 306 1010 manum
326 981 395 1019 est,
414 976 545 1021 fluunt,
565 989 675 1025 quam
696 976 819 1012 Graeci
847 978 912 1021 τὴν
934 976 1018 1012 εἵσω
1035 975 1236 1012 θάλασσαν
1256 973 1381 1022 appel-

153 1026 243 1067 lant.
278 1041 489 1065 maxumum
524 1043 605 1065 esse
636 1029 767 1066 Nilum
797 1029 1051 1074 consentitur3
1079 1027 1261 1077 proxuma
1286 1039 1385 1085 inag-

154 1080 318 1117 nitudine
366 1096 446 1119 esse
484 1083 654 1120 Histrum
687 1083 836 1132 scripsit.
870 1081 1080 1119 Sallustius.
1134 1079 1184 1117 A.
1222 1079 1380 1126 Gellius,

154 1131 203 1168 lib
236 1146 270 1171 x.
286 1148 316 1172 c.
335 1135 369 1172 7.

92 1202 102 1205 ’·
206 1187 265 1224 Ex
301 1189 472 1225 omnibus
508 1202 593 1239 quae
630 1190 883 1235 tractavimus,
921 1189 1052 1227 AEbuti
1094 1187 1284 1231 Liberalis,
1320 1201 1387 1245 po·-

155 1245 228 1277 test
247 1241 364 1278 videri
392 1242 482 1279 nihil
501 1248 575 1279 tam
607 1243 871 1288 necessarium,
891 1249 954 1280 aut
991 1241 1126 1293 magis,
1163 1248 1204 1278 ut
1231 1241 1282 1277 ait
1312 1241 1390 1277 Sal·

155 1293 299 1339 lustius,
329 1309 413 1332 cum
433 1295 523 1333 cura
542 1297 751 1340 dicendum,
772 1295 884 1346 quam
917 1297 1016 1346 quod
1046 1297 1084 1333 in
1119 1295 1287 1332 manibus
1320 1300 1389 1339 est,

154 1347 304 1385 Seneca.

209 1402 415 1439 Turbinum
435 1409 555 1440 motus
574 1418 692 1453 vagus
720 1409 777 1440 est
796 1409 833 1440 et
858 1403 1048 1452 disjectuS,
1068 1407 1117 1448 et,
1135 1401 1189 1438 uti
1222 1401 1388 1461 Sallustii

156 1456 279 1491 verbis
316 1462 411 1501 utar,
441 1458 668 1503 vorticos11s3
713 1463 939 1494 cometarum
976 1461 1112 1500 autem,
1150 1460 1389 1504 composstus,

157 1515 192 1544 et
212 1516 353 1545 certum
368 1510 437 1546 iter
455 1524 624 1560 carpens.
679 1510 794 1547 Mem.

209 1562 421 1605 Sallustius,
452 1570 580 1601 auctor
615 1565 865 1610 certissumus,
908 1563 1037 1600 asserit
1073 1562 1227 1612 Tigrum
1258 1568 1294 1597 et
1318 1561 1391 1597 Eu-

157 1615 323 1663 phratem
342 1630 415 1653 uno
442 1617 543 1654 sonte
562 1632 709 1654 manare
738 1618 774 1654 in
806 1617 1009 1661 Armeni32;
1046 1616 1123 1665 qui,
1155 1629 1220 1664 per
1245 1615 1388 1651 diversa

158 1674 301 1711 euntes,
336 1669 484 1719 longius
521 1672 741 1716 dividantur,
773 1671 892 1719 spatio
928 1670 1049 1707 medio
1095 1668 1222 1706 relicto
1254 1667 1388 1727 multo-

158 1736 238 1758 rum
269 1723 446 1760 millium:
488 1738 572 1774 quae
603 1731 726 1762 tamen
758 1730 867 1768 terra,
898 1737 981 1774 quae
1013 1724 1060 1760 ab
1092 1722 1185 1772 ipsis
1216 1723 1389 1763 ambitur,

159 1775 433 1825 Mesopotamia
450 1778 596 1816 dicitur.
651 1778 768 1815 Idem.
1242 1828 1248 1832 Ι

214 1829 388 1866 Pelorum
420 1833 710 1879 promontorium
746 1831 881 1867 Siciliae
918 1829 1120 1879 respiciens
1152 1827 1389 1887 Aq¹¹¹l⁰nf³¹3¹⁹

153 1884 258 1932 juxta
301 1883 527 1931 Sallustium,
554 1886 692 1922 dictum
720 1884 743 1920 a
778 1886 1024 1934 gubernatore
1063 1881 1284 1941 Hannibalis
1310 1880 1388 1944 illic

159 1936 321 1984 sepulto,
353 1938 415 1986 qui
443 1939 564 1976 fuerat
600 1939 745 1975 occisus
777 1953 845 1987 per
879 1937 1125 1987 ignorantium
1158 1948 1270 1994 regls3
1305 1947 1388 1970 cum

159 2003 198 2025 se
218 1991 297 2038 ejus
318 1990 403 2027 dolo
418 1993 583 2029 crederet
602 2006 683 2029 esse
703 1992 910 2041 deceptum.
968 1989 1124 2028 Servius
1150 1993 1182 2024 et
1207 1987 1389 2046 Iszdorus.

211 2043 405 2087 Aristaeus,
438 2045 492 2082 uti
519 2045 717 2082 Sallustius
747 2045 868 2084 docet,
900 2052 984 2094 post
1026 2043 1200 2080 laniatum
1232 2040 1255 2076 εὶ
1292 2053 1390 2100 cani-

157 2097 228 2132 bus
267 2097 483 2134 Actaeonem
515 2099 644 2139 filium,
672 2099 797 2134 matris
838 2098 1013 2135 instinctu
1052 2096 1197 2133 Thebas
1230 2093 1390 2142 reliquit,

159 2158 195 2185 et
215 2148 329 2185 Ceam
346 2151 503 2188 insulam
524 2153 654 2196 tenuit,
682 2150 801 2200 primo
829 2152 949 2187 adhuc
979 2149 1188 2187 hominibus
1207 2160 1361 2206 vacuam
1379 2162 1389 2192 ;

159 2201 303 2251 postea,
332 2204 377 2240 ea.
402 2204 544 2251 relicta,
574 2219 657 2242 cum
689 2204 846 2241 Daedalo
888 2205 925 2241 in
963 2203 1163 2242 Sardiniam
1198 2206 1387 2238 transwit:

159 2263 244 2305 post
257 2256 400 2295 delatus
418 2264 474 2295 est
493 2259 645 2296 Cumas.
699 2257 864 2295 Servius.
