1492 2531
130 118 181 156 40
617 116 893 156 SALLUSTII

131 221 267 272 quibus
298 222 409 259 rebus
442 219 513 258 sibi
544 221 680 258 multos
715 234 761 258 ex
794 220 974 259 Romanis
1010 219 1177 257 familiari
1209 219 1369 257 amicitia

132 276 386 326 conjunxerat.
453 274 511 311 Ea
554 279 774 323 tempestate
809 274 846 311 in
882 274 1049 311 exercitu
1095 280 1222 310 nostro
1264 273 1369 311 fuere

132 328 342 378 complures
375 327 461 364 novi
491 334 600 377 atque
628 327 786 372 nobiles,
825 328 962 379 quibus
996 328 1134 365 divitiae
1170 328 1270 364 bono
1305 327 1370 363 ho—

131 388 314 432 nestoque
347 381 509 430 potiores
541 386 658 426 erant,
696 381 861 418 factiosi:
908 379 1009 417 domi
1045 386 1230 430 potentes,
1269 380 1370 430 apud

131 435 252 472 socios
277 435 364 472 clari
388 433 508 483 magis
529 433 642 485 quam
666 433 836 471 honesti:
878 435 944 484 qui
974 434 1168 484 Jugurthae
1196 447 1270 470 non
1290 448 1369 471 me-

131 488 292 525 diocrem
312 489 474 525 animum
499 487 737 536 pollicitando
765 488 1035 533 accendebant,
1063 487 1095 523 si
1119 487 1285 537 Micipsa
1302 501 1370 525 rex

131 542 343 585 occidisset,
371 541 448 577 fore
480 539 535 577 uti
563 541 665 577 solus
688 541 843 589 imperio
874 540 1064 577 Numidiae
1093 541 1298 590 potiretur:
1331 541 1370 577 in

129 595 213 644 ipso
256 608 469 631 maxumam
514 593 699 637 virtutem,
749 594 880 631 Romae
927 595 1049 631 omnia
1090 593 1237 631 venalia
1275 608 1370 632 esse.

131 649 207 684 Sed
234 646 433 699 postquam
464 647 668 684 Numantia
695 647 833 693 deleta,
864 647 908 685 P.
927 646 1053 697 Scipio
1077 647 1258 684 dimittere
1274 660 1370 684 aux-

128 701 203 744 ilia,
223 707 259 738 et
286 702 368 750 ipse
394 701 530 738 revorti
559 701 711 737 domum
739 701 924 738 decrevit:
960 702 1137 737 donatum
1161 706 1275 750 atque
1294 700 1372 737 lau-

131 755 256 791 datum
288 753 485 804 magnifice
513 767 580 803 pro
614 754 791 791 concione
828 754 1052 804 Jugurtham
1082 753 1120 790 in
1157 754 1369 802 praetorium

129 809 308 855 adduxit3
340 809 466 858 ibique
486 805 632 844 secreto
657 809 813 860 monuit,
843 806 899 844 uti
925 807 1050 858 potius
1066 806 1232 857 publice,
1256 806 1370 857 quam

129 861 317 911 privatim,
347 861 544 897 amicitiam
576 860 705 910 populi
738 861 894 897 Romani
926 861 1089 907 coleret3
1125 874 1198 898 neu
1235 861 1370 910 quibus

128 915 253 965 largiri
286 915 539 951 insuesceret:
574 914 785 963 periculose
819 913 841 950 a
871 914 999 963 paucis
1030 914 1115 958 emi,
1149 914 1248 964 quod
1283 914 1372 950 mul-

131 977 251 1006 torum
285 974 394 1005 esset.
455 967 494 1003 Si
522 981 739 1016 permanere
774 967 884 1005 vellet
911 969 948 1004 in
982 968 1057 1004 suis
1086 968 1242 1012 artibus,
1272 967 1372 1005 ultro

129 1022 181 1058 illi
208 1028 245 1059 et
270 1022 425 1071 gloriam
454 1027 490 1058 et
514 1034 670 1069 regnum
690 1027 908 1058 venturum:
940 1021 996 1057 sin
1016 1021 1274 1070 properantius
1294 1035 1373 1070 per-

130 1081 250 1125 geret,
280 1075 426 1112 suamet
462 1075 586 1123 ipsum
618 1075 781 1123 pecunia
813 1075 1039 1125 praecipitem
1073 1087 1255 1112 casurum.
1310 1075 1372 1112 Sic

129 1129 294 1175 locutus,
322 1141 408 1165 cum
436 1128 568 1164 litteris
596 1141 680 1163 eum
708 1141 799 1177 quas
830 1127 1002 1178 Micipsae
1022 1128 1205 1171 redderet,
1225 1128 1373 1166 dimisit.

129 1182 267 1219 Earum
297 1182 480 1218 sententia
507 1181 586 1217 liaec
623 1186 723 1217 erat:
765 1180 965 1233 Jugurtlzae
996 1181 1050 1218 lui
1083 1180 1171 1217 bello
1203 1179 1374 1218 Numan-

130 1236 207 1272 tino
237 1235 345 1287 longe
370 1247 545 1271 maxuma
573 1234 689 1270 virtus
706 1231 812 1281 fait:
843 1248 949 1285 quam
972 1249 1051 1271 rem
1083 1234 1152 1271 tibi
1178 1234 1272 1271 certe
1298 1234 1373 1272 ecio

127 1289 274 1340 gaudio
303 1302 392 1325 esse.
448 1286 570 1324 Nobis
593 1287 635 1324 ob
660 1287 803 1324 merita
832 1301 904 1325 succ
937 1287 1077 1325 charus
1101 1293 1181 1331 est;
1206 1293 1249 1325 ut
1277 1287 1373 1325 idem

131 1343 171 1379 S.
194 1342 244 1379 P.
265 1342 310 1388 Q.
333 1341 387 1378 R.
408 1341 472 1387 sit,
493 1339 641 1377 summci
666 1353 731 1391 ope
760 1341 934 1378 nitemur.
1004 1340 1091 1378 Tibi
1126 1341 1278 1391 quidem
1300 1355 1373 1393 pro

131 1394 266 1433 nostrai
294 1393 471 1431 amicitis}
496 1395 686 1444 gratulor.
743 1394 817 1437 En,
849 1393 967 1431 habes
998 1394 1124 1431 virum
1156 1394 1313 1445 dign-um
1339 1400 1373 1432 te

131 1454 246 1500 atque
273 1462 342 1485 avo
370 1462 436 1485 suo
462 1446 689 1484 Masinissa.
757 1447 877 1498 Igitur
905 1461 983 1488 rex,
1014 1449 1078 1485 ubi
1099 1462 1154 1491 ea,
1174 1462 1260 1497 quae
1276 1450 1374 1485 fama

129 1508 337 1553 acceperat,
366 1515 411 1538 ex
440 1501 570 1538 litteris
596 1501 826 1552 imperatoris
855 1502 906 1538 ita
935 1516 1017 1539 esse
1048 1503 1250 1551 cognovit3
1289 1502 1374 1539 cum

132 1558 265 1593 virtute
294 1556 373 1592 tum
395 1555 514 1604 gratia
533 1554 615 1601 viri,
636 1560 835 1604 permotus,
854 1555 961 1605 flexit
985 1556 1148 1591 animum
1179 1568 1312 1601 suum3
1337 1562 1375 1593 et

133 1609 356 1660 Jugurtham
378 1608 567 1645 beneficiis
589 1609 734 1645 vincere
753 1622 953 1658 aggressus
972 1615 1041 1652 est,
1069 1608 1269 1659 statimque
1289 1622 1373 1645 eum

134 1663 338 1714 adoptavit,
368 1668 405 1699 et
437 1667 658 1699 testamento
681 1661 819 1711 pariter
844 1675 929 1698 curn
953 1662 1036 1698 filiis
1063 1663 1252 1699 haeredem
1269 1661 1375 1699 insti—

135 1718 217 1754 tuit.
275 1715 351 1752 Sed
383 1715 477 1765 ipse,
510 1728 648 1764 paucos
682 1720 766 1764 post
797 1729 927 1761 annos,
959 1717 1088 1752 morbo
1122 1722 1233 1766 atque
1268 1721 1374 1753 aetate

137 1771 340 1813 confectus,
368 1783 452 1805 cum
480 1768 549 1804 sibi
579 1769 689 1804 finem
718 1769 804 1805 vitae
832 1769 962 1805 adesse
990 1769 1222 1819 intelligeret,
1251 1782 1375 1806 coram

136 1824 264 1862 amicis
289 1828 326 1860 et
355 1821 537 1871 cognatm,
567 1822 727 1872 itemque
755 1821 959 1859 Atherbale
979 1827 1016 1859 et
1047 1822 1259 1873 Hiempsale
1277 1822 1376 1868 filiis,

137 1879 272 1915 dicitur
292 1875 549 1926 hujuscemodi
568 1876 683 1911 verba
702 1888 786 1911 cum
811 1875 998 1924 Jugurtha
1016 1876 1190 1912 habuisse
1208 1893 1214 1913 :

190 1931 361 1967 Parvum
377 1942 443 1979 ego
471 1933 518 1972 te,
536 1927 748 1978 Jugurtlm,
779 1927 918 1965 amisso
932 1934 1057 1978 patre,
1078 1929 1156 1966 sine
1189 1943 1266 1980 spe,
1296 1929 1376 1966 sine

134 1983 286 2036 opibus,
317 1982 356 2018 in
375 1995 497 2018 meum
525 1995 684 2030 regumn
718 1981 858 2030 accepi,
890 1982 1118 2019 existumans
1146 1996 1217 2019 non
1250 1982 1376 2020 mimis

139 2052 197 2075 me
215 2036 300 2080 tibi,
313 2034 428 2086 (susim
446 2034 479 2071 si
497 2035 716 2085 genuissem,
737 2033 780 2071 οἷ)
797 2034 972 2086 beneficia
992 2035 1216 2084 earumfore
1231 2051 1241 2071 .·
1261 2049 1376 2086 neque

141 2106 182 2129 ea
197 2104 258 2127 res
267 2088 416 2142 fcclszmz
435 2102 491 2125 me
511 2087 654 2124 habuit.
709 2088 816 2124 Nam
833 2093 875 2124 ut
894 2088 975 2125 alia
996 2103 1137 2137 magna
1164 2093 1199 2125 et
1217 2088 1376 2140 egregia

141 2151 212 2183 tua
225 2143 426 2187 omitt‘am5
448 2140 670 2183 ηουίεεῑιηιὲ,
699 2141 849 2178 rediens
874 2141 1098 2186 Nmnantici,
1128 2156 1257 2192 meque
1288 2157 1376 2195 reg·

142 2211 300 2248 mamque
332 2209 452 2232 meum
475 2192 607 2244 glorici
638 2194 877 2232 honoravisti
883 2210 896 2239 ;
941 2194 1070 2246 tusique
1098 2196 1235 2232 virtute
1273 2198 1378 2234 nolus

144 2253 341 2289 Romanos
361 2262 405 2285 ea·
421 2248 554 2284 (inticis
573 2247 835 2285 anzicissmnos
844 2248 977 2298 fecisti
987 2265 999 2285 .·
1045 2253 1083 2286 m
1100 2248 1300 2299 Hispanis}
1317 2265 1379 2287 no-

144 2319 227 2342 men
245 2301 414 2352 familiae
457 2305 679 2339 renouatum
705 2307 786 2338 est:
820 2300 1025 2352 postremo,
1069 2303 1165 2353 quod
1193 2302 1379 2351 dffcilbzc-

143 2372 244 2396 mum
263 2358 361 2394 inter
378 2353 553 2393 mortalis
567 2359 646 2391 est:
673 2355 803 2405 glorz’ci
836 2355 1022 2393 invidiam
1046 2356 1185 2394 vicisti.
1254 2356 1379 2406 Nunc,
