1492 2531
133 91 152 129 1
159 91 208 128 00
606 90 879 129 SALLUSTII

133 194 297 243 negotio,
331 194 468 230 Cirtam
516 194 623 231 redit.
680 194 739 231 De
783 194 946 231 adventu
989 193 1196 242 legatorum
1232 194 1367 231 certior

133 248 271 293 sactus,
290 247 451 297 illosque
486 252 522 283 et
549 246 688 284 Sullam
710 248 835 284 venire
851 248 972 298 jubet,
988 247 1150 298 itemque
1185 246 1229 284 L.
1255 247 1367 284 Belli-

136 314 247 338 enum
267 307 467 350 praetorem
487 299 612 345 Utica‚
640 299 972 349 praeterea·01nnis
1001 302 1163 351 undique
1196 302 1368 338 senatorii

138 354 302 399 ordinis;
331 355 555 403 quibuscum
588 355 760 390 mandata
797 353 936 390 Bocchi
969 355 1185 403 cognoscit:
1215 354 1253 392 in
1289 355 1369 404 qui-

135 408 222 450 bus,
248 407 382 456 legatis
416 412 581 456 potestas
618 408 729 443 eundi
761 407 918 443 Romam
951 407 1013 443 fit:
1043 409 1090 445 ab
1127 408 1279 444 consule
1315 408 1369 445 in-

137 460 240 498 terea
283 460 443 498 induciae
493 459 788 509 postulabantur.
842 460 897 496 Ea
942 460 1058 496 Sullae
1100 466 1135 496 et
1182 461 1367 511 plerisque

137 512 338 564 placuere:
369 513 479 562 pauci
498 513 657 550 ferocius
679 514 896 558 decernunt,
924 513 1064 550 scilicet
1092 513 1212 563 ignari
1240 514 1370 552 huma-

136 581 267 604 narum
299 581 435 610 rerum,
455 580 540 616 quae
572 567 681 604 fluxae
711 572 748 604 et
780 565 936 603 mobiles
969 580 1116 616 semper
1145 567 1182 603 in
1214 568 1370 605 advorsa

137 626 293 657 mutant.
336 620 538 657 Caeterum
571 619 711 666 Mauri,
738 620 941 669 impetratis
970 619 1157 667 omnibus,
1185 625 1260 657 tres
1293 620 1370 657 Ro-

135 688 236 711 mam
269 674 427 723 profecti
446 679 532 710 sunt
564 686 649 709 cum
678 675 745 710 Cn.
778 673 936 709 Octavio
963 673 1124 718 Rusone,
1158 674 1222 722 qui
1251 688 1371 724 quaes-

136 734 196 765 tor
233 727 461 777 stipendium
495 727 532 762 in
570 727 736 763 Africam
772 732 1006 775 portaverat3
1052 727 1125 763 duo
1161 727 1209 763 ad
1244 740 1369 777 regem

136 781 305 818 redeunt.
359 780 421 816 Ex
440 780 496 817 his
516 780 686 817 Bocchus
713 780 797 816 cum
826 784 975 826 caetera,
1002 780 1080 817 tum
1108 779 1280 817 maxume
1309 781 1370 817 be-

136 835 357 885 nignitatem
376 840 430 870 .et
459 834 620 870 studium
663 833 791 877 Sullae,
822 833 979 882 accepit.
1032 834 1240 883 Romaeque
1271 833 1371 884 lega—

138 889 185 924 tis
223 889 316 938 ejus,
350 887 549 936 postquam
577 887 719 924 errasse
755 899 893 937 regem,
932 892 969 923 et
1009 886 1200 936 Jugurthae
1231 887 1369 924 scelere

135 941 298 990 lapsum,
333 941 524 991 deprecati
557 947 656 986 sunt,
693 941 892 978 amicitiam
928 946 965 976 et
998 940 1119 977 foedus
1157 941 1369 990 petentibus

135 994 207 1032 hoc
226 994 337 1031 modo
355 995 623 1044 respondetur:

193 1048 234 1085 S.
271 1048 324 1084 P.
355 1047 400 1093 Q.
442 1047 496 1084 R.
530 1046 697 1095 beneficii
723 1051 758 1083 et
794 1046 939 1096 injuriat
977 1060 1117 1083 memor
1160 1060 1235 1084 esse
1265 1047 1368 1084 solet.

138 1100 328 1139 Caeterimz
346 1100 509 1143 Boccho,
527 1100 707 1150 quoniam
720 1100 892 1151 poenitet,
913 1099 1038 1136 delicti
1053 1099 1228 1150 gratiam
1248 1099 1370 1150 facit.

135 1154 274 1194 Foedus
293 1159 328 1191 et
348 1153 525 1191 amicitia
546 1154 747 1198 dabuntur,
767 1152 849 1189 czlm
865 1151 1057 1190 meruerit.

193 1209 342 1253 Quibus
360 1209 474 1245 rebus
491 1207 665 1256 cognitis,
684 1207 857 1244 Bocchus
866 1220 932 1255 per
946 1206 1086 1243 litteras
1102 1205 1125 1243 ὲ
1139 1206 1262 1244 Mario
1280 1207 1373 1257 peti—

136 1261 269 1305 vit‚uti
286 1261 427 1298 Sullam
448 1261 496 1297 ad
510 1276 549 1298 se
574 1261 761 1304 mitteret;
792 1261 898 1311 cujus
914 1260 1090 1297 arbitratu
1110 1261 1370 1298 communibus

134 1316 296 1367 negotiis
326 1314 592 1352 consuleretur.
647 1315 686 1351 Is
715 1314 851 1350 missus
888 1327 972 1349 cum
1001 1314 1174 1362 praesidio
1204 1313 1371 1363 equitum

135 1377 248 1420 atque
280 1369 462 1418 peditum,
492 1367 795 1417 funditorumque
822 1366 1057 1403 Balearifim:
1086 1366 1267 1416 praeterea
1294 1367 1370 1404 iere

136 1423 333 1473 sagittarii,
365 1429 402 1458 et
432 1421 563 1458 cohors
595 1421 754 1471 Peligna
785 1434 867 1456 cum
886 1419 1100 1457 velitaribus
1132 1421 1241 1457 armis
1269 1420 1373 1458 itine-

136 1477 188 1513 ris
235 1475 462 1526 properandi
509 1475 644 1512 causa:
691 1488 813 1524 neque
856 1473 913 1510 his
961 1473 1084 1519 secus,
1134 1479 1246 1524 atque
1288 1473 1370 1510 aliis

136 1531 262 1573 armis,
295 1527 476 1565 advorsus
512 1528 588 1565 tela
618 1528 792 1573 hostium,
824 1525 927 1576 quod
961 1540 1004 1563 ea
1032 1527 1130 1564 levia
1157 1532 1254 1570 sunt,
1295 1540 1372 1564 mu-

135 1584 216 1620 niti.
269 1583 347 1619 Sed
386 1583 423 1618 in
458 1582 602 1628 itinere,
639 1581 768 1631 quinto
806 1580 965 1630 denique
995 1580 1069 1626 die,
1098 1581 1239 1626 Volux,
1274 1580 1370 1617 filius

135 1637 294 1674 Bocchi.
325 1634 480 1685 repente
516 1636 553 1672 in
603 1635 744 1684 eampis
782 1634 992 1683 patentibus
1030 1647 1114 1670 curn
1155 1634 1256 1671 mille
1295 1647 1369 1671 non

139 1688 301 1739 amplius
338 1689 526 1738 equitibus
563 1702 643 1726 sese
683 1687 864 1724 ostendit:
907 1687 984 1738 qui,
1019 1686 1157 1724 temere
1189 1692 1226 1725 et
1257 1686 1372 1725 effuse

140 1750 285 1787 euntes,
323 1743 438 1779 Sullae
473 1742 628 1792 aliisque
666 1741 836 1777 omnibus
866 1747 902 1778 et
933 1754 1125 1777 numerum
1154 1740 1368 1790 ampliorem

136 1811 240 1841 vero,
261 1803 297 1834 et
315 1796 488 1833 hostilem
517 1802 658 1832 metum
690 1794 909 1832 efficiebant.
961 1794 1080 1843 Igitur
1109 1808 1192 1832 sese
1210 1794 1367 1844 quisque

137 1851 337 1900 expedire3
383 1863 484 1886 arma
520 1856 632 1899 atque
682 1847 756 1885 tela
789 1853 954 1893 tentare;
998 1847 1215 1885 intendere:
1260 1847 1368 1883 timor

139 1904 366 1953 aliquantus,
396 1904 462 1940 sed
497 1917 584 1952 spes
618 1901 787 1950 amplior,
820 1901 959 1951 quippe
989 1901 1206 1946 victoribus,
1238 1905 1275 1937 et
1305 1900 1367 1936 ad-

138 1957 289 1994 vorsum
325 1971 403 2000 eos,
435 1971 529 2006 quos
563 1953 660 2004 saepe
690 1955 865 1991 vicerant.
920 1953 1075 1991 Interim
1112 1954 1269 2003 equites,
1305 1967 1367 1990 ex-

137 2010 326 2060 ploratum
380 2009 577 2059 praemissi,
612 2022 704 2052 rem,
749 2014 789 2044 ut
835 2012 927 2053 erat,
978 2008 1138 2057 quietam
1180 2006 1366 2044 nunciant.

137 2063 282 2108 Volux,
302 2064 517 2106 adveniens,
545 2067 768 2113 quaestorern
799 2060 987 2110 appellat3
1017 2075 1056 2097 se
1087 2059 1109 2097 ὲ
1140 2065 1242 2109 patre
1271 2060 1366 2096 Boc-

140 2117 210 2155 cho
231 2116 380 2154 obviam
399 2116 485 2162 illis,
513 2115 623 2152 simul
656 2120 692 2151 et
720 2114 910 2163 praesidio,
938 2114 1102 2150 missum.
1154 2113 1253 2150 Dein
1280 2126 1365 2150 eum

140 2177 178 2207 et
212 2172 435 2220 proxumum
469 2169 567 2206 diem
613 2168 692 2205 sine
730 2178 830 2204 metu
873 2167 1059 2217 conjuncti
1102 2171 1201 2203 eunt.
1257 2165 1364 2211 Post,

138 2224 204 2260 ubi
236 2230 357 2260 castra
382 2223 515 2267 locata,
549 2228 585 2259 et
614 2221 687 2258 diei
719 2235 850 2271 vesper
881 2226 970 2265 erat,
1001 2218 1153 2268 repente
1191 2218 1367 2266 Maurus,

137 2277 279 2314 incerto
326 2276 442 2321 vultu,
495 2289 648 2324 pavens,
701 2275 748 2310 ad
794 2273 934 2311 Sullam
976 2273 1135 2309 accurrit
1147 2288 1156 2319 ;
1200 2273 1364 2323 dicitque

134 2331 206 2368 sibi
235 2345 280 2368 ex
306 2329 602 2380 speculatoribus
631 2328 832 2380 cognitum?
859 2326 1079 2380 Jugurtham
1108 2326 1208 2364 haud
1232 2326 1364 2376 procul
