1492 2531
345 105 415 142 DE
450 103 753 141 REPUBLICA
790 102 1130 140 ORDINANDA.
1286 100 1357 137 153

117 223 204 246 num
223 210 381 259 denique
401 223 446 245 ex
464 208 580 245 libera
600 208 747 245 civitate
768 208 943 249 futurum,
971 207 1033 243 ubi
1062 206 1171 242 unius
1201 218 1352 241 munere

118 263 312 300 multitudo
334 264 461 311 ingens
480 263 516 298 in
537 262 720 299 civitatem
741 261 959 310 pervenerit.
1007 260 1190 310 Equidem
1209 272 1278 308 ego
1299 260 1351 294 sic

117 317 217 365 apud
246 316 407 352 animum
436 329 558 352 meum
587 321 721 356 statuo,
741 314 876 350 malum
906 314 1047 350 facinus
1072 314 1109 349 in
1129 326 1167 348 se
1187 312 1353 348 commit-

118 377 207 412 tere,
225 369 289 419 qui
306 369 541 405 incommodo
561 368 774 417 reipublicae
791 368 945 417 gratiam
962 367 1031 404 sibi
1052 366 1235 403 conciliet.
1276 364 1351 401 Ubi

118 424 255 459 bonum
279 422 471 471 publicum
497 422 605 459 etiam
636 420 807 470 privatim
837 421 922 457 usui
952 427 1028 465 est;
1058 421 1097 456 id
1126 418 1211 456 vero
1246 418 1352 454 dubi-

117 482 192 512 tare
226 476 396 525 aggredi:
436 476 612 512 socordiae
644 481 754 524 atque
786 475 945 523 ignaviae
980 475 1087 510 duco.
1157 472 1212 509 M.
1244 471 1351 508 Livio

117 529 242 566 Druso
277 542 424 578 semper
459 528 652 565 consilium
688 530 768 571 suit,
804 528 841 563 in
878 528 1067 564 tribunatu
1105 538 1249 562 summa
1282 538 1352 574 ope

117 583 182 619 niti
210 596 278 632 pro
306 581 522 628 nobilitate3
554 595 673 631 neque
703 581 818 618 ullam
849 594 926 617 rem
958 581 993 617 in
1025 580 1208 630 principio
1241 591 1352 628 agere

117 636 285 682 intendit,
318 636 389 672 nisi
416 635 469 672 illi
497 642 667 672 auctores
696 635 837 671 fierent.
893 633 969 670 Sed
998 633 1166 670 homines
1193 632 1354 674 factiosi,

119 690 254 738 quibus
285 689 393 726 dolus
425 695 536 738 atque
570 689 708 725 malitia
738 688 809 725 fide
837 688 977 724 cariora
1009 693 1126 731 erant,
1155 686 1220 722 ubi
1253 685 1355 722 intel-

116 741 298 788 lexerunt,
321 756 387 792 per
415 756 526 778 unum
556 742 741 779 hominem
770 755 984 778 maxumum
1015 740 1237 777 beneficium
1267 738 1356 774 mul-

118 796 165 832 tis
191 795 410 833 mortalibus
447 796 548 838 dari;
585 795 773 840 videlicet,
809 801 845 831 et
880 794 949 831 sibi
979 794 1136 843 quisque
1169 792 1354 836 conscius,

119 848 214 886 malo
234 855 345 899 atque
364 849 475 893 infido
505 849 626 886 animo
653 862 749 891 esse,
780 849 825 884 de
859 847 914 885 M.
943 847 1048 884 Livio
1079 847 1219 891 Druso,
1245 845 1355 896 juxta.

119 915 162 938 ac
182 903 226 938 de
255 916 307 948 se,
335 903 661 939 existumaverunt.
726 901 858 952 Itaque
889 907 1003 946 metu,
1034 899 1081 936 ne
1114 913 1181 949 per
1217 905 1356 935 tantam

120 956 274 1005 gratiam
311 956 412 992 solus
449 969 569 992 rerum
616 956 806 1005 potiretur,
851 960 978 992 contra
1024 968 1108 990 eum
1153 953 1242 996 nixi,
1290 966 1357 989 sua

120 1009 235 1057 ipsius
265 1009 419 1046 consilia
447 1010 757 1046 disturbaverunt.
814 1007 901 1053 Qu&
927 1008 1006 1052 tibi,
1035 1008 1254 1056 Imperator,
1284 1020 1359 1042 ma-

114 1063 195 1112 jore
225 1061 315 1099 cura
339 1063 485 1112 fideque
515 1063 621 1099 amici
653 1069 689 1099 et
717 1062 834 1098 multa
866 1061 1038 1111 praesidia
1070 1061 1234 1109 paranda
1263 1066 1359 1095 sunt.

121 1116 279 1152 Hostem
317 1116 514 1153 advorsum
545 1117 764 1165 opprimere,
793 1121 942 1151 strenuo
974 1114 1111 1151 homini
1141 1114 1238 1150 haud
1270 1114 1359 1149 diffi-

120 1168 190 1205 cile
237 1175 315 1206 est:
362 1169 509 1206 occulta
538 1169 703 1218 pericula
738 1182 858 1218 neque
895 1169 1031 1212 facere,
1072 1181 1192 1217 neque
1228 1167 1357 1210 vitare,

122 1222 229 1259 bonis
260 1223 298 1259 in
332 1228 503 1272 promptu
535 1229 602 1259 est.
658 1223 791 1273 Igitur,
823 1223 887 1259 ubi
919 1235 982 1258 eos
1013 1222 1050 1257 in
1079 1221 1263 1261 civitatem
1295 1221 1360 1256 ad-

122 1276 293 1321 duxeri53
332 1276 506 1325 quoniam
536 1277 687 1325 quidem
716 1281 889 1312 revocata
921 1275 1050 1323 plebes
1078 1275 1171 1316 erit;
1196 1275 1235 1310 in
1255 1275 1299 1311 ea
1318 1288 1357 1311 re

123 1329 293 1366 maxume
329 1330 490 1365 animum
526 1330 739 1375 exercitato,
775 1328 831 1366 uti
868 1328 1036 1365 colantur
1081 1329 1170 1364 boni
1215 1341 1361 1371 mores;

122 1383 320 1418 concordia
350 1383 443 1419 inter
478 1382 613 1420 veteris
648 1389 684 1420 et
717 1396 833 1419 novos
866 1382 1060 1419 coalescat.
1128 1381 1205 1418 Sed
1242 1381 1360 1418 multo

124 1449 336 1472 muxumum
367 1437 506 1472 bonum
533 1438 675 1485 patriae‚
705 1437 862 1482 civibus,
884 1436 964 1479 tibi,
996 1435 1138 1478 liberis,
1168 1436 1357 1484 postremo

123 1489 294 1526 humanae
324 1490 426 1540 genti
451 1490 653 1539 pepereris,
682 1490 713 1525 si
745 1490 908 1526 studium
943 1489 1114 1538 pecuniae
1145 1495 1208 1525 aut
1240 1495 1362 1525 sustu-

123 1541 223 1586 leris,
270 1550 345 1585 aut,
391 1544 493 1593 quod
537 1558 596 1580 res
643 1544 746 1587 feret,
794 1544 982 1580 minueris.
1056 1542 1190 1586 Aliter,
1237 1556 1360 1591 neque-

124 1595 268 1644 privata
299 1611 372 1642 res,
403 1611 524 1646 neque
560 1597 724 1646 publica,
760 1610 882 1646 neque
913 1595 1026 1638 domi,
1053 1610 1174 1645 neque
1206 1596 1360 1639 militiae,

126 1650 204 1698 regi
233 1656 364 1698 potest.
417 1650 531 1695 Nam,
558 1651 623 1687 ubi
654 1650 788 1699 cupido
819 1650 1024 1686 divitiarum
1059 1649 1206 1694 invasit,
1236 1662 1359 1699 neque

126 1702 334 1752 disciplina,
379 1717 497 1753 neque
537 1710 635 1741 artes
679 1706 803 1747 bonae,
849 1717 968 1752 neque
1015 1703 1204 1752 ingenium
1245 1703 1361 1739 ullum

126 1754 214 1792 satis
261 1757 398 1806 pollet:
440 1757 529 1807 quin
575 1758 731 1804 animus,
775 1755 896 1806 inagis
939 1762 1003 1793 aut
1048 1757 1169 1793 minus
1205 1755 1360 1802 mature,

126 1809 329 1858 postremo,
342 1816 478 1855 tamen,
498 1811 715 1848 succumbit.
779 1809 888 1860 Saepe
901 1811 978 1861 jam
999 1810 1136 1854 audivi,
1155 1810 1219 1860 qui
1237 1824 1360 1859 reges,

126 1876 210 1911 quae
229 1863 395 1900 civitates
418 1870 454 1901 et
481 1865 659 1910 nationes,
688 1877 756 1913 per
787 1863 1013 1912 opulentiam
1045 1877 1179 1912 magna
1209 1864 1361 1912 imperia

127 1916 327 1962 amiserint,
361 1930 443 1968 quae
478 1931 546 1967 per
582 1918 755 1954 virtutem
789 1918 917 1964 inopes
955 1923 1140 1966 ceperant.
1195 1917 1240 1953 Id
1268 1917 1362 1954 adef>

126 1968 225 2005 haud
252 1970 456 2007 mirandum
484 1976 550 2008 est.
606 1970 716 2015 Nam,
738 1971 801 2008 ubi
830 1972 949 2008 bonus
971 1971 1191 2008 deteriorem
1223 1971 1360 2008 divitiis

127 2021 245 2071 magis
277 2023 415 2060 clarum
443 2023 638 2075 magisque
675 2029 869 2074 acceptum
904 2024 1028 2070 videt3
1065 2023 1184 2072 primo
1213 2031 1361 2066 aestuat,

128 2076 315 2126 multaque
351 2077 389 2113 in
432 2083 583 2126 pectore
628 2078 759 2115 volvit:
805 2078 871 2114 sed
917 2078 980 2113 ubi
1024 2077 1142 2126 gloria
1185 2078 1362 2115 honorem

129 2128 250 2179 magis
268 2131 306 2166 in
325 2131 416 2175 dies,
441 2131 606 2167 virtutem
628 2131 818 2180 opulentia
836 2131 968 2175 vincit3
1005 2131 1148 2167 animus
1167 2132 1215 2168 ad
1233 2134 1364 2181 volup—

130 2186 241 2218 tatem
261 2182 282 2220 ὰ
303 2198 388 2220 vero
408 2184 541 2220 deficit.
598 2184 746 2233 Quippe
776 2184 895 2233 gloria
924 2185 1106 2220 industria
1135 2184 1264 2221 alitur:
1300 2188 1365 2224 ubi

132 2247 211 2270 eam
232 2236 420 2283 demseris,
439 2238 520 2286 ipsa
538 2252 605 2286 per
623 2252 661 2274 se
682 2239 795 2274 virtus
825 2251 948 2274 amara
977 2244 1087 2286 atque
1125 2251 1257 2288 aspera
1293 2248 1363 2278 est.

111 2287 340 2335 Postremo,
377 2292 437 2327 ubi
474 2291 610 2328 divitiae
648 2291 757 2328 clarae
794 2291 988 2334 habentur,
1025 2292 1077 2327 ibi
1113 2292 1235 2327 omnia
1267 2293 1366 2330 bona

130 2340 217 2378 vilia
251 2349 347 2389 sunt,
382 2345 486 2390 fides,
532 2345 708 2395 probitas,
745 2344 877 2393 pudor,
921 2344 1109 2394 pudicitia.
1178 2345 1277 2381 Nam
1320 2349 1368 2384 ad

715 2410 741 2434 H
764 2397 789 2434 2
