1492 2531
152 70 202 107 66
629 71 905 111 SALLUSTII

151 187 273 211 mores
291 174 457 223 pristinae
478 174 624 212 virtutis
645 181 682 212 et
699 175 880 220 victoriae,
898 189 980 213 sese
1011 189 1242 227 regnumque
1276 191 1384 215 suum

151 228 198 264 ab
232 228 484 265 Romanorum
522 228 678 265 avaritia
714 229 934 266 defendant:
982 243 1066 266 cum
1101 230 1158 267 his
1195 236 1384 269 certamen

151 280 243 325 fore,
263 295 356 330 quos
376 280 485 318 antea
500 281 618 318 victos
650 282 719 318 sub
743 283 877 333 jugum
895 283 1084 320 miserint:
1132 284 1267 321 ducem
1297 285 1385 329 illis,

150 346 226 370 non
259 335 434 380 animum,
469 340 679 372 mutatum:
727 350 812 385 quae
848 337 894 373 ab
927 336 1145 385 imperatore
1182 337 1385 384 decuerint,

151 387 275 425 omnia
310 388 385 424 suis
421 387 594 437 provisa3
632 388 757 425 locum
792 389 1042 438 superiorem:
1091 388 1148 427 uti
1181 391 1384 440 prudentes

152 454 236 477 cum
271 441 461 490 imperitis,
497 455 543 478 ne
579 442 775 491 pauciores
824 456 908 478 cum
952 442 1137 491 pluribus,
1173 448 1236 480 aut
1271 444 1384 481 rudes

152 508 236 530 cum
251 494 350 531 bello
382 493 612 539 melioribus,
631 509 781 531 manum
800 501 1048 533 consererent.
1117 495 1280 533 Proinde
1316 511 1385 547 pa-

149 547 219 583 rati
254 548 461 597 intentique
498 554 637 594 essent,
674 548 781 598 signo
827 549 927 595 dato,
960 548 1150 586 Romanos
1186 550 1384 587 invadere:

148 600 254 637 iHum
293 602 390 638 diem
409 606 474 637 aut
493 600 612 637 omnis
630 601 780 639 labores
800 607 838 639 et
867 602 1041 639 victorias
1072 603 1385 650 confirmaturum,

153 660 218 690 aut
252 668 509 691 maxumarum
529 668 775 691 aerumnarum
810 655 956 698 initium
984 656 1073 692 fore.
1145 656 1209 692 Ad
1238 656 1308 693 hoc
1338 657 1386 692 vi-

150 706 263 753 ritim,
295 707 349 744 uti
387 721 571 757 quemque
607 709 655 745 ob
692 708 849 745 militare
882 709 1027 746 facinus
1059 709 1221 758 pecunia
1239 715 1304 746 aut
1321 709 1387 746 ho-

151 774 239 797 nore
270 761 466 807 extulerat,
486 762 801 798 commonefacere
821 762 990 799 beneficii
1010 763 1081 807 sui,
1102 768 1139 800 et
1159 777 1244 800 eum
1262 763 1385 812 ipsum

151 814 231 850 aliis
269 820 475 852 ostentare:
525 813 726 864 postremo,
765 829 832 864 pro
870 817 1053 866 cujusque
1087 816 1250 866 ingenio,
1281 816 1387 865 polli-

152 867 285 913 cendo,
302 868 518 913 minitando,
542 869 776 914 obtestando,
792 868 904 905 alium
939 869 1012 906 alio
1048 870 1159 906 modo
1196 870 1382 906 excitare:

150 920 455 958 -cuminterim
494 920 688 967 Metellus,
723 922 874 971 ignarus
907 922 1084 967 hostium,
1122 928 1244 959 monte
1260 923 1389 973 degre-

151 975 256 1011 diens
277 989 361 1011 cum
381 975 543 1012 exercitu
577 976 826 1024 conspicatur.
882 974 1010 1012 Primo
1040 976 1191 1021 dubius,
1211 976 1387 1025 quidnam

148 1027 299 1065 insolita
333 1028 448 1065 facies
485 1029 710 1074 ostenderet,
745 1026 844 1077 (nam
870 1028 966 1065 inter
1003 1029 1165 1079 virgulta
1182 1029 1269 1079 equi
1304 1029 1388 1066 Nu-

150 1081 336 1131 midaeque
372 1083 631 1127 consederant,
666 1095 787 1131 neque
824 1081 935 1131 plane
972 1083 1148 1119 occultati
1177 1082 1385 1119 humilitate

150 1136 337 1179 arborum,
358 1141 395 1172 et
410 1141 533 1172 tamen
558 1135 689 1172 incerti
705 1135 883 1184 quidnam
901 1140 1011 1181 esset,
1031 1135 1116 1172 cum
1151 1135 1285 1172 natura
1301 1135 1389 1183 loci,

149 1188 228 1224 tum
265 1187 363 1231 dolo,
400 1188 473 1237 ipsi
508 1194 619 1238 atque
653 1189 751 1238 signi
799 1188 971 1225 militaria
1020 1188 1242 1235 obscurati,)
1289 1188 1388 1235 dein,

149 1240 256 1278 brevi
294 1241 453 1291 cognitis
490 1242 647 1286 insidiis,
667 1241 857 1290 paulisper
892 1255 1028 1291 agmen
1061 1242 1262 1279 constituit.
1315 1242 1389 1288 Ibi,

150 1296 384 1332 commutatis
422 1295 627 1339 ordinibus,
647 1295 683 1331 in
702 1295 831 1331 dextro
868 1295 996 1341 latere,
1028 1295 1132 1345 quod
1164 1309 1389 1345 proxumum

150 1347 268 1385 hostis
301 1354 392 1393 erat,
426 1348 634 1397 triplicibus
668 1348 844 1385 subsidiis
888 1350 1003 1385 sciem
1048 1348 1247 1390 instruxit;
1293 1349 1389 1385 inter

150 1402 361 1451 manipulos
398 1402 602 1439 funditores
640 1407 676 1439 et
709 1401 918 1451 sagittarios
965 1402 1147 1450 dispertit,
1182 1402 1387 1450 equitatum

152 1468 297 1493 omnem
332 1455 370 1491 in
390 1456 564 1492 cornibus
583 1455 683 1492 locat
700 1470 710 1501 3
740 1468 784 1490 ac
816 1468 937 1504 pauca
967 1468 1036 1504 pro
1066 1460 1232 1505 tempore
1254 1454 1388 1492 milites

150 1508 332 1551 hortatus,
370 1509 500 1553 aciem,
521 1509 617 1546 sicut
653 1509 892 1552 instruxerat,
928 1508 1149 1545 transvorsis
1195 1508 1389 1557 principiis

149 1562 187 1598 in
224 1562 379 1612 planum
416 1562 576 1599 deducit.
632 1561 720 1607 Sed,
756 1561 821 1598 ubi
856 1561 1043 1599 Numidas
1080 1562 1240 1611 quietos,
1267 1575 1388 1611 neque

151 1615 247 1652 colle
284 1616 448 1665 degredi,
468 1615 750 1660 animadvertit3
777 1615 932 1661 veritus,
951 1628 998 1651 ex
1034 1615 1121 1651 anni
1152 1620 1335 1663 tempore,
1353 1621 1390 1652 et

150 1669 277 1718 inopia
313 1683 437 1719 aquae,
474 1668 522 1705 ne
565 1669 624 1705 siti
661 1668 906 1705 conficeretur
940 1668 1145 1714 exercitus3
1202 1668 1388 1705 Rutilium

150 1722 328 1772 legatum,
363 1736 446 1759 cum
483 1723 664 1772 expeditis
714 1721 928 1758 cohortibus
977 1727 1014 1758 et
1061 1727 1165 1770 parte
1211 1721 1389 1771 equitum,

152 1777 381 1825 praemiserat
417 1776 465 1812 ad
494 1777 645 1822 fiumen,
681 1773 737 1812 uti
770 1775 893 1812 locum
929 1776 1058 1811 castris
1095 1773 1182 1812 ante
1217 1779 1389 1824 caperet3

153 1830 382 1866 existumans
419 1829 546 1866 hostes
583 1830 711 1866 crebro
744 1827 888 1878 impetu
923 1834 959 1865 et
1002 1827 1221 1865 transvorsis
1248 1827 1388 1878 proeliis

151 1883 222 1920 iter
258 1896 364 1919 suum
393 1888 654 1928 remoraturos,
687 1888 736 1928 et,
758 1882 933 1931 quoniam
953 1882 1062 1918 armis
1079 1882 1300 1927 diffiderent,
1318 1880 1391 1917 las-

152 1936 351 1973 situdinem
386 1941 422 1972 et
453 1936 550 1973 sitim
569 1936 726 1972 militurn
745 1941 964 1972 tentaturos.
1022 1935 1122 1972 Dein
1150 1935 1229 1984 ipse
1248 1947 1315 1983 pro
1348 1948 1388 1971 re

151 1994 264 2038 atque
300 1989 399 2035 loco,
435 1989 545 2026 sicuti
577 1994 701 2026 monte
738 1989 996 2034 descenderat,
1032 1987 1214 2038 paulatim
1253 2001 1387 2036 proce-

152 2043 266 2080 dere:
296 2042 460 2078 Marium
490 2047 576 2091 post
605 2043 786 2092 principia
813 2042 973 2088 habere3
1002 2041 1080 2091 ipse
1111 2055 1195 2078 cum
1229 2040 1389 2078 sinistrae

152 2096 223 2132 alae
243 2096 430 2144 equitibus
451 2110 548 2139 esse,
584 2096 647 2144 qui
683 2096 721 2132 in
761 2095 908 2146 agmine
942 2095 1128 2144 principes
1164 2094 1255 2130 facti
1272 2100 1389 2131 erant.

152 2148 206 2186 At
239 2149 437 2198 Jugurtha,
469 2149 533 2185 ubi
553 2155 759 2186 extremum
778 2162 910 2198 agmen
947 2147 1093 2184 Metelli
1128 2147 1267 2196 primos
1301 2161 1389 2184 suos

152 2207 460 2252 praetergressum
497 2202 611 2248 videt,
648 2203 824 2251 praesidio
861 2202 967 2250 quasi
986 2200 1100 2237 duum
1134 2200 1292 2237 millium
1327 2215 1391 2250 pe-

153 2256 273 2292 ditum
305 2261 468 2292 montem
505 2261 678 2304 occupat,
712 2254 788 2305 qua
835 2254 1015 2292 Metellus
1052 2254 1308 2299 descenderat,
1342 2252 1390 2293 οὲ

153 2308 248 2346 sorte
270 2309 490 2346 cedentibus
509 2308 728 2346 adversariis
748 2307 928 2358 receptui,
946 2321 989 2345 ac
1025 2306 1114 2356 post
1148 2307 1390 2361 munimento,
