1492 2531
99 79 172 114 148
481 79 555 116 AD
593 80 634 116 C.
671 77 939 117 CAESAREM

94 184 123 219 is
143 183 295 219 incessit.
314 194 407 225 mos,
427 186 469 217 ut
498 181 664 218 homines
693 182 974 228 adolescentuli,
997 196 1065 220 sua
1084 190 1194 234 atque
1213 186 1333 224 aliena

95 249 325 281 consumere,
360 234 451 270 nihil
485 235 657 281 lubidini,
693 241 804 284 atque
837 236 918 272 aliis
954 238 1184 286 rogantibus,
1223 241 1335 278 dene-

93 303 194 339 gare,
227 289 529 338 pulcherrumum
565 293 716 337 putent:
759 303 841 325 eam
875 289 1049 326 virtutem
1082 297 1118 328 et
1149 293 1334 343 magnitu-

94 344 215 379 dinem
252 341 389 384 animi3
434 342 615 390 pudorem
651 347 760 390 atque
806 343 1023 379 modestiam
1059 358 1125 393 pro
1162 346 1333 383 socordi&

93 402 303 433 aestument.
358 393 458 443 Ergo
491 395 635 431 animus
664 395 780 439 ferox,
810 395 922 444 prava
955 396 1015 432 via
1039 398 1244 447 ingressus,
1269 400 1331 436 ubi

49 464 54 470 ¹
93 454 272 486 consueta
294 461 368 484 non
394 453 610 497 suppetunt,
641 448 755 485 fertur
784 462 963 485 accensus
992 449 1026 485 in
1059 452 1178 488 socios
1206 452 1332 499 modo,

93 501 204 540 modo
237 502 274 537 in
304 501 423 538 cives:
456 507 578 538 movet
606 501 823 549 composita,
847 508 883 538 et
912 515 969 538 res
996 517 1111 540 novas
1143 506 1331 542 veteribus

90 556 258 606 acquirit.
330 554 456 598 Quare
503 554 689 591 tollendus
733 555 931 591 foenerator
965 556 1001 592 in
1038 562 1239 605 posterum,
1277 559 1331 595 uti

92 625 178 647 suas
198 609 356 659 quisque
385 621 445 645 res
467 621 650 645 curemus,
701 608 758 644 Ea
776 622 863 645 vera
881 613 992 658 atque
1013 610 1166 659 simplex
1185 611 1244 647 via
1262 618 1332 657 est,

92 664 350 713 magistratum
385 663 538 712 populo,
572 675 646 697 non
677 661 862 707 creditori,
893 676 1042 711 gerere;
1082 668 1118 699 et
1153 665 1332 714 magnitu-

92 719 214 754 dinem
242 715 354 753 animi
373 716 411 752 in
436 716 620 760 addendo,
649 728 723 750 non
753 715 934 751 demendo
961 716 1177 764 reipublicae
1210 724 1333 756 osten-

92 773 192 809 dere.
249 768 376 820 Atque
397 781 468 817 ego
499 768 590 812 scie,
618 767 730 817 quain]
759 782 893 817 aspera
920 768 996 805 haec
1016 782 1075 806 res
1095 770 1130 806 in
1150 771 1332 820 principio

90 826 216 862 futura
253 822 322 860 sit:
370 822 578 874 praesertim
613 822 670 867 iis,
717 822 780 870 qui
818 836 857 859 se
894 822 930 858 in
962 823 1117 859 victoria
1159 824 1331 862 licentius

88 878 334 925 liberiusque,
372 874 486 927 quam
522 875 648 915 artius,
677 876 820 911 futuros
852 876 1069 912 credebant:
1110 890 1266 926 quorum
1300 879 1331 915 si

91 931 204 969 saluti
226 929 351 981 potius
378 929 492 980 quum
520 929 678 966 lubidini
706 928 902 972 consules;
933 928 1091 978 illosque
1121 944 1262 980 nosque
1294 938 1330 968 et

90 985 212 1022 socios
231 986 271 1022 in
284 997 377 1034 pace
390 983 495 1021 firma
511 982 740 1019 constitutes.
795 982 860 1018 Sin
879 983 1007 1019 eadem
1022 983 1142 1020 studia
1159 990 1330 1034 artesque

84 1039 273 1091 juventuti
292 1044 424 1081 erunt3
452 1050 510 1074 nae
530 1036 601 1071 ista
620 1035 772 1084 egregia
790 1040 852 1071 tua
870 1035 977 1079 fama,
998 1036 1107 1072 simul
1131 1051 1213 1073 cum
1240 1038 1330 1075 urbe

91 1094 229 1135 Rom-2,
258 1089 365 1129 brevi
389 1090 581 1128 concidet!
639 1087 845 1133 Postremo,
875 1089 1059 1138 sapientes
1089 1090 1190 1138 pacis
1218 1092 1331 1128 causa

87 1146 229 1184 bellum
268 1151 415 1196 gerunt,
450 1144 618 1180 laborem
655 1156 720 1190 spe
753 1142 816 1178 otii
847 1147 1061 1179 sustentant.
1114 1142 1199 1180 Nisi
1231 1143 1331 1181 illam

90 1202 233 1237 firmam
270 1197 399 1245 efficis,
432 1197 546 1242 vinci,
582 1209 627 1231 an
663 1196 809 1241 vicisse,
853 1196 944 1245 quid
982 1195 1134 1233 retulit?
1205 1196 1330 1241 Quare

90 1266 244 1303 capesse
263 1265 330 1303 per
349 1251 439 1290 deos
459 1249 751 1298 rempublicam3
783 1253 819 1285 et
837 1249 959 1285 omnia
981 1263 1125 1298 aspera,
1146 1248 1199 1286 uti
1219 1250 1330 1295 soles,

92 1308 270 1357 pervado.
322 1303 500 1355 Namque
520 1309 583 1339 aut
602 1309 639 1338 tn
661 1302 798 1339 mederi
816 1307 945 1351 potes3
972 1308 1036 1339 aut
1055 1303 1256 1341 omittenda
1275 1311 1331 1341 est

92 1375 182 1397 cura
215 1360 400 1400 omnibus.
468 1357 602 1406 Neque
632 1356 826 1407 quisquam
857 1362 893 1392 te
924 1356 972 1392 ad
1004 1356 1170 1393 crudeles
1201 1371 1331 1406 poenas

90 1421 154 1451 aut
174 1417 312 1453 acerba
335 1412 478 1463 judicia
503 1411 663 1453 invocat,
693 1410 829 1459 quibus
861 1409 988 1446 civitas
1017 1415 1183 1447 vastatur
1211 1411 1330 1460 magis

92 1468 204 1518 quam
226 1468 445 1516 corfigitnm
473 1464 539 1501 sed
557 1462 610 1500 uti
631 1477 763 1512 pravas
783 1468 894 1508 artes,
922 1462 1111 1512 malasque
1131 1463 1330 1510 lubidines,

92 1523 138 1558 ab
165 1522 363 1570 juventute
396 1518 606 1569 prohibeas.
662 1516 718 1553 Ea
748 1530 834 1553 vera
862 1516 1057 1553 clementia
1081 1517 1161 1562 erit,
1194 1531 1329 1553 consu-

90 1576 221 1615 luisse,
253 1574 300 1613 ne
331 1571 512 1611 immerito
542 1571 640 1607 cives
669 1571 788 1619 patri&
817 1569 1107 1618 expellerentur3
1136 1570 1330 1608 retinuisse

91 1630 136 1665 ab
171 1627 329 1666 stultitia
360 1633 396 1664 et
427 1625 529 1662 falsis
558 1623 835 1672 voluptatibus3
863 1637 992 1672 pacem
1021 1623 1330 1673 concordiamque

91 1681 338 1719 stabilivisse:
378 1694 465 1723 non,
497 1678 540 1719 si,
577 1677 723 1726 flagitiis
760 1678 974 1721 obsecutus,
1011 1676 1145 1713 delicta
1177 1691 1330 1726 perpes-

92 1751 167 1777 sus,
204 1749 373 1786 praesens
410 1732 588 1783 gandium
624 1744 707 1767 cum
743 1744 829 1767 mox
874 1731 997 1767 futuro
1040 1729 1136 1766 malo
1179 1744 1331 1768 conces—

91 1790 199 1827 seris.
261 1790 317 1826 Ac
336 1787 424 1824 mihi
448 1785 604 1827 animus,
624 1785 758 1834 quibus
778 1785 889 1821 rebus
909 1783 969 1820 alii
995 1783 1137 1826 timent,
1157 1783 1328 1820 maxume

88 1844 203 1880 fretus
242 1848 313 1886 est,
346 1839 486 1890 negotii
521 1838 797 1887 magnitudine:
844 1843 892 1882 et,
931 1836 1018 1886 quia
1052 1837 1119 1873 tibi
1154 1841 1261 1873 terrae
1293 1844 1327 1873 et

90 1897 202 1933 maria
233 1895 341 1932 simul
372 1893 483 1930 onnia
513 1892 765 1939 componenda
790 1896 888 1934 sunt,
918 1890 1072 1939 (quippe
1103 1903 1162 1926 res
1194 1904 1327 1939 parvas

90 1956 231 1986 tantum
263 1949 452 1998 ingenium
483 1945 663 1994 attingere
696 1945 856 1994 nequit,)
887 1957 1033 1993 magnae
1064 1957 1162 1979 curae
1193 1957 1328 1993 magna

91 2017 232 2040 merces
261 2008 329 2039 est.
400 2000 520 2049 Igitur
547 1997 741 2047 provideas
772 2002 928 2047 oportet,
960 1995 1011 2033 uti
1042 1996 1185 2045 plebes,
1212 1995 1326 2046 largi-

88 2057 252 2093 tionibus
290 2061 327 2091 et
363 2053 515 2103 publico
552 2052 735 2087 frumento
773 2056 958 2101 corrupta,
994 2050 1129 2086 habeat
1175 2050 1326 2098 negotia

87 2124 167 2153 sua,
197 2109 335 2158 quibus
366 2108 412 2143 ab
446 2105 543 2142 malo
575 2104 725 2153 publico
755 2105 973 2148 detineatur,
997 2104 1172 2153 juventus
1203 2104 1328 2151 probi-

88 2164 153 2200 tati
187 2169 223 2199 et
254 2162 460 2204 industriae,
496 2173 568 2195 non
602 2158 784 2195 sumtibus
820 2171 940 2207 neque
978 2156 1128 2199 divitiis,
1164 2156 1326 2193 studeat.

88 2218 131 2253 ld
162 2217 213 2253 ita
237 2214 395 2258 eveniet,
419 2213 450 2249 si
481 2211 666 2262 pecuniae,
697 2225 782 2261 quae
810 2224 982 2248 maxuma
1010 2209 1173 2246 omnium
1203 2211 1329 2258 perni-

84 2272 159 2307 cies
192 2274 259 2311 est,
295 2281 405 2305 usum
442 2273 551 2315 atque
582 2265 697 2301 decus
724 2265 912 2301 demseris.
975 2263 1075 2300 Nam
1106 2260 1208 2311 saepe
1238 2276 1327 2311 ego,

84 2338 168 2363 cum
188 2323 308 2360 animo
328 2334 409 2358 meo
430 2326 619 2369 reputans,
638 2318 774 2368 quibus
796 2319 953 2368 quisque
977 2316 1088 2353 rebus
1116 2316 1323 2353 clarissumi
