1492 2531
134 151 196 187 xiv

518 151 708 188 VARIAE
738 150 1048 189 LECTIONES.

136 254 215 294 Peg.
224 254 293 284 Lin.

157 299 206 327 92.

154 557 203 584 93.

152 599 203 627 94.

152 642 206 670 95.

148 901 198 929 96.

144 1418 193 1449 97.

143 1506 193 1535 98.

141 1678 191 1706 99.

118 1978 189 2006 100.

230 300 283 328 29.
298 307 383 328 more
402 298 532 328 humani
554 297 673 338 ingenii
696 307 754 327 eu-

348 340 423 380 pido
451 340 592 371 difficilia
611 340 751 371 faciundi

344 384 401 423 (al.
413 385 568 423 animum)
579 383 701 414 invadit
710 385 748 415 al.

345 427 485 456 animum
499 427 603 457 vertit.

229 472 282 499 40.
298 479 367 499 sese
384 469 507 504 ducem,
523 469 656 510 periculi
670 469 750 500 nihil

342 523 411 542 esse
427 513 519 542 docet
533 513 656 543 Marius

226 556 278 584 36.
292 554 399 595 signar
414 555 546 585 dedere:
571 566 605 587 ac

250 602 276 628 1.
293 604 438 638 correpta
451 598 550 628 Marii

250 643 280 671 2.
297 641 421 682 ipsique
437 641 566 672 Boccho
580 642 747 683 pollicetur

245 686 278 713 7.
294 683 358 713 diei

229 730 278 756 11.
294 726 453 757 difficilem

226 772 277 800 14.
292 770 441 810 colligare

226 814 278 843 29.
293 818 326 843 et
339 813 373 842 in
388 812 504 844 frustra
523 814 661 844 hostium

223 857 277 887 39.
291 856 424 886 consilia

244 902 274 928 ⁸2.
289 899 487 931 munimenta
503 900 634 941 gerebat

242 945 272 972 8.
287 941 405 982 largius
421 943 508 974 abire

225 988 277 1018 11.
291 992 430 1025 strepere
452 986 584 1027 pedibus
607 991 639 1016 et
660 987 746 1018 voci·

333 1028 391 1058 bus

224 1074 274 1101 11.
292 1070 399 1111 fugere
417 1076 471 1102 aut
487 1071 546 1112 (al.
563 1070 614 1110 ut)
630 1082 687 1113 pro

225 1116 278 1144 19.
291 1124 400 1144 omnes
415 1115 491 1146 tuba
507 1125 622 1146 canere

224 1159 277 1187 ΞΟ.
291 1164 346 1187 aut
360 1157 459 1198 portis

221 1202 271 1230 95.
288 1200 437 1230 vecordia
452 1206 620 1242 acceperat

222 1245 276 1273 30.
291 1245 382 1274 omitt.
399 1254 466 1284 quae

218 1288 271 1316 37.
289 1286 412 1327 perfugi
449 1285 579 1317 minime
608 1286 674 1317 cari
712 1291 745 1317 et

345 1330 509 1370 regionum

217 1376 272 1403 41.
287 1374 381 1403 omitt.
395 1373 455 1403 iter

217 1419 270 1447 37.
287 1415 389 1446 acrius
419 1416 547 1446 instare.
604 1414 741 1456 Jamque

220 1462 275 1491 38.
292 1459 391 1494 Sulla,
407 1458 579 1500 petfugatis
594 1458 634 1488 iis

238 1505 268 1533 5.
284 1502 484 1543 patentibus:
528 1511 654 1536 cenere,
693 1510 742 1530 se-

336 1555 389 1586 qui

218 1592 270 1621 38.
285 1590 335 1620 cui
365 1589 474 1618 scilicet
510 1588 683 1627 complacuit
698 1604 741 1609 —

330 1637 357 1661 te
369 1633 491 1670 experiri

236 1676 269 1706 7.
287 1674 371 1704 unde
386 1674 418 1703 vi
433 1673 624 1714 Jugurtham

217 1720 269 1747 14.
284 1718 316 1747 in
333 1717 481 1758 hybernis
497 1717 673 1757 composito

216 1760 370 1791 17.Tunc
393 1760 500 1791 rursus
525 1760 671 1791 Bocchus
692 1760 738 1791 fe-

331 1803 445 1838 liciter,
463 1814 518 1834 seu
533 1804 573 1834 at.
592 1803 739 1834 Bocchus

327 1846 450 1877 scilicet
463 1857 519 1877 seu

216 1891 270 1920 ⁶27.
285 1889 325 1920 ad
344 1890 464 1920 Sullam
486 1893 622 1930 pergunt
643 1899 737 1930 quem

211 1935 265 1964 38.
277 1932 365 1962 Sulla
379 1933 486 1963 omnia
500 1932 658 1973 pollicitus

235 1977 265 2006 3.
283 1976 324 2006 al.
341 1975 440 2007 Uticae
453 1977 494 2007 al.
510 1975 549 2007 ab
566 1974 663 2007 Utica

821 255 864 285 Pa

815 645 888 672 101.

815 774 888 802 102.

808 1160 880 1190 103.

807 1420 823 1447 1
828 1418 879 1447 04.

870 267 899 297 g.
915 256 986 286 Lin.

819 301 888 329 100.

933 302 961 330 8.
976 299 1108 330 mobiles
1123 299 1239 342 saepius
1254 301 1287 331 in
1302 301 1434 332 adversa

989 348 1148 374 mutantur

919 388 971 416 10.
984 387 1024 416 al.
1039 386 1169 418 Rusone
1184 388 1226 417 al.
1240 386 1356 417 Pisone

915 431 966 459 13.
983 429 1075 459 Sullae
1088 429 1198 460 lubens
1213 429 1336 470 accepit

916 474 966 502 19.
980 473 1138 502 amicitiam
1154 474 1295 503 daturum

914 516 964 545 23.
981 514 1184 546 Baleatorum
1208 517 1246 545 al.
1270 515 1433 546 Baleario-

981 567 1050 587 rum
1064 559 1105 587 al.
1120 558 1291 589 balistariov
1304 568 1358 588 un.

915 601 966 630 31.
984 600 1114 641 quisque
1129 601 1283 642 impedire

932 645 962 673 9.
974 644 1068 673 omitt.
1082 644 1179 684 quam

913 688 963 716 18.
981 686 1162 716 aestimabat

912 731 965 759 36.
980 728 1020 758 de
1034 729 1207 768 improvisu
1221 730 1382 761 acciderat

933 776 963 802 1.
977 772 1109 803 consilia
1136 773 1219 804 ierat
1249 774 1312 815 (al.
1342 772 1431 804 audi-

977 816 1084 855 erat);
1107 816 1263 856 praeterea

933 860 964 888 2,
977 857 1104 898 impari,
1139 869 1202 889 nun
1231 864 1334 890 mater
1363 858 1430 900 ejus

986 911 1025 930 ex
1040 901 1215 932 concubina
1230 907 1297 932 orta

910 946 961 975 19.
973 944 1126 980 voluerat,
1141 945 1261 985 egressi

912 990 964 1018 27.
978 987 1194 1018 internuncius
1235 986 1345 1019 sancte
1391 998 1430 1018 ex

982 1030 1139 1060 sententia
1151 1033 1242 1062 omitt.
1251 1030 1340 1072 jurat

907 1075 960 1104 30.
976 1073 1079 1104 omitt.
1095 1075 1325 1112 opulentissimus

905 1118 958 1147 33.
975 1116 1008 1145 id
1019 1118 1207 1147 immutatum

923 1163 954 1190 1.
968 1160 1051 1197 cujus
1064 1159 1152 1190 causd
1166 1161 1223 1191 huc

907 1205 960 1232 19.
973 1211 1090 1241 negare

907 1247 958 1276 29.
973 1244 1089 1275 bellum
1103 1245 1179 1284 poni

905 1289 958 1319 30.
969 1287 989 1317 J
994 1287 1134 1327 ugurthae
1150 1287 1249 1320 venit.
1290 1286 1375 1318 Dein

906 1333 960 1362 31.
974 1336 1088 1360 cuncta
1104 1330 1214 1361 doctus

903 1376 955 1405 40.
965 1383 1029 1403 non
1042 1373 1100 1403 sua
1113 1378 1241 1413 captum
1255 1371 1383 1414 ignavia

924 1421 954 1448 2.
967 1416 1040 1446 dolo
1055 1426 1096 1446 an
1109 1426 1186 1446 vero

905 1463 954 1491 11.
970 1459 1058 1489 vulta
1082 1459 1196 1490 coloris
1233 1458 1353 1498 pariter
1379 1463 1424 1488 at-

971 1512 1031 1543 que
1080 1501 1187 1533 animo
1229 1502 1335 1532 varius
1381 1502 1425 1531 al.

971 1545 1071 1580 vultu,
1107 1545 1223 1580 colore,
1262 1554 1300 1575 ac
1335 1549 1424 1574 motu

974 1588 1114 1628 corporis
1163 1586 1281 1628 pariter
1328 1593 1424 1628 atque

974 1631 1081 1662 animo
1119 1630 1237 1668 varius,
1280 1639 1349 1670 quae
1385 1629 1423 1659 li-

973 1678 1024 1705 cet
1072 1673 1120 1704 ita
1170 1678 1296 1704 tacente
1351 1672 1424 1713 ipsa

973 1717 1097 1747 occulta
1124 1716 1260 1757 pectoris
1293 1720 1326 1746 et
1361 1715 1423 1746 oris

969 1759 1190 1790 immutatione
1230 1758 1422 1800 patefecisse

971 1803 1014 1834 al.
1061 1803 1186 1833 occulta
1232 1800 1334 1832 cordis
1380 1802 1422 1831 al.

972 1856 1041 1886 quae
1086 1845 1207 1876 scilicet
1252 1845 1323 1885 ipso
1372 1850 1421 1874 ta-

970 1894 1062 1920 cente
1109 1888 1232 1919 occulta
1282 1887 1421 1928 pectoris

969 1932 1032 1962 oris
1071 1931 1290 1962 immutatione
1327 1935 1418 1970 pate-

968 1975 1055 2007 feeit.
