1492 2531
363 65 580 104 BELLUM
614 64 636 101 J
639 62 1007 102 UGURTHINUM
1012 93 1019 100 .
1267 62 1317 99 67

86 173 201 219 foret3
237 170 335 220 dein,
362 168 515 219 repente
551 169 657 218 signo
691 167 790 214 dato,
818 165 936 204 hostis
964 166 1118 204 invadit.
1184 165 1320 202 Numi-

86 227 144 262 dae
181 224 241 261 alii
284 228 489 273 postremos
536 222 701 266 caedere3
747 235 832 270 pars
868 220 891 257 εὶ
927 219 1077 257 sinistra
1108 233 1150 256 ac
1189 218 1321 256 dextra

85 284 250 324 tentare3
276 277 410 314 infensi
437 276 582 319 adesse,
611 281 720 324 atque
738 274 898 311 instare:
929 274 1101 311 omnibus
1128 273 1222 310 locis
1244 273 1322 310 Ro-

86 345 278 368 manorum
306 330 452 367 ordines
483 330 724 374 conturbare3
760 341 918 378 quorum
955 327 1067 364 etiam
1096 327 1159 375 qui
1187 326 1323 363 firmio-

84 385 187 421 ribus
223 383 353 420 animis
389 383 489 419 obvii
533 382 703 419 hostibus
750 380 908 425 fuerant,
953 380 1133 417 ludificati
1177 380 1320 417 incerto

85 437 228 486 proelio,
262 437 348 486 ipisi
382 434 494 472 modo
530 433 674 472 eminus
712 435 984 478 sauciabantur,
1023 447 1145 483 neque
1191 432 1322 470 contra.

84 491 242 527 feriundi
271 496 334 527 aut
364 489 582 526 conserendi
608 502 758 525 manum
794 488 902 537 copia
934 493 1023 524 erat.
1086 486 1212 523 Antea
1242 487 1322 536 jam

85 544 185 581 docti
212 545 259 580 ab
288 541 474 594 Jugurtha
503 543 660 592 equites,
696 542 922 591 ubicumque
961 541 1215 577 Romanorum
1249 545 1323 576 tur-

84 611 143 633 ma
163 597 307 646 insequi
337 601 512 645 coeperat,
540 609 611 631 non
643 594 851 640 confertim,
879 608 1001 643 neque
1031 594 1069 630 in
1097 608 1213 630 unum
1241 606 1322 630 sese

86 650 328 699 recipiebant,
346 650 411 686 sed
429 649 522 686 alius
541 647 615 685 alio
634 648 746 698 quam
766 647 937 685 maxume
967 647 1118 684 divorsi.
1173 647 1233 683 Ita
1256 661 1325 683 nu-

85 717 187 740 mero
216 704 370 753 priores,
390 703 421 739 si
443 701 466 739 ίὶ
493 703 751 752 persequendo
780 703 903 738 hostes
934 702 1119 738 deterrere
1148 701 1326 749 nequive-

85 762 178 802 rant,
215 757 389 807 disjectos
423 757 469 792 ab
506 762 610 806 tergo
647 762 710 792 aut
744 756 921 792 lateribus
958 754 1323 791 circumveniebant:

85 810 141 846 sin
162 810 404 859 opportunior
422 810 522 859 sugas
550 809 668 855 collis,
696 808 808 858 quam
837 809 958 858 campi
985 808 1142 850 fuerant,
1163 805 1207 843 eo
1237 805 1326 844 vero

85 863 251 900 consueti
279 863 528 899 Numidarum
557 863 647 912 equi
673 862 783 899 facile
811 862 907 899 inter
941 861 1104 911 virgulta
1137 861 1321 909 evadere3

85 923 232 953 nostros
269 916 450 965 asperitas
479 922 516 953 et
542 915 740 953 insolentia
774 916 848 952 loci
883 916 1078 952 retinebat.
1137 913 1325 951 Caeterum

85 970 199 1006 facies
227 970 339 1006 totius
368 970 506 1018 negotii
536 970 649 1015 varia,
680 970 835 1014 incerta,
871 969 985 1014 foeda,
1021 973 1133 1016 atque
1169 967 1326 1004 misera-

85 1023 192 1060 bilis:
231 1023 388 1072 dispersi
415 1022 438 1058 a
469 1023 560 1068 suis,
595 1036 682 1072 pars
719 1023 865 1068 cedere,
900 1022 961 1058 alii
996 1020 1162 1070 insequit
1199 1034 1322 1070 neque

86 1076 208 1126 signa,
244 1090 364 1125 neque
401 1076 559 1121 ordines,
595 1077 812 1113 observare:
859 1076 925 1112 ubi
961 1088 1146 1125 quemque
1183 1074 1328 1123 pericu-

87 1129 165 1165 lum
184 1135 346 1178 ceperat,
364 1129 416 1165 ibi
434 1130 621 1173 resistere,
642 1143 685 1166 ac
704 1129 945 1179 propulsare:
984 1141 1099 1172 arma,
1118 1127 1205 1173 tela,
1226 1127 1328 1176 equi,

88 1183 170 1228 viri,
196 1183 336 1227 hostes,
365 1183 465 1219 cives
494 1183 684 1231 permixti:
718 1182 809 1218 nihil
838 1181 993 1219 consilio
1023 1194 1142 1230 neque
1170 1180 1327 1230 imperio

87 1236 170 1285 agi:
202 1237 275 1273 fors
295 1237 417 1273 omnia
442 1249 579 1284 regere.
634 1235 765 1285 Itaque
794 1235 952 1272 multum
981 1235 1053 1271 diei
1080 1238 1327 1283 processerat,

88 1289 173 1325 cum
193 1290 304 1326 etiam
323 1294 401 1325 tum
426 1294 581 1326 eventus
610 1288 646 1324 in
675 1289 815 1326 incerto
845 1294 936 1326 erat.
991 1288 1180 1337 Denique,
1209 1287 1327 1324 omni-

87 1343 157 1378 bus
185 1342 312 1379 labore
336 1348 373 1379 et
398 1348 493 1379 aestu
519 1341 719 1391 languidis,
751 1341 946 1388 Metellus,
974 1342 1041 1378 ubi
1068 1341 1168 1378 videt
1194 1340 1330 1378 Numi-

88 1396 154 1432 das
173 1396 294 1432 minus
312 1396 464 1441 instare,
492 1394 672 1445 paulatim
700 1396 833 1433 milites
851 1396 889 1432 in
907 1409 1023 1432 unum
1053 1394 1242 1440 conducit,
1270 1407 1329 1431 or-

88 1448 194 1486 dines
222 1450 393 1494 restituit,
422 1454 458 1485 et
490 1449 659 1486 cohortes
687 1449 911 1499 legionarias
940 1454 1098 1498 quatuor
1127 1447 1330 1485 advorsum

87 1502 230 1550 pedites
258 1503 418 1540 hostium
448 1502 618 1539 collocat.
685 1503 827 1540 Eorum
855 1516 992 1552 magna
1018 1515 1104 1551 pars
1134 1501 1331 1551 superiori-

89 1556 160 1592 bus
184 1556 276 1593 locis
304 1556 403 1592 fessa
431 1556 663 1593 consederat.
718 1556 838 1593 Simul
867 1570 986 1602 orare,
1012 1555 1152 1592 hortari
1179 1554 1330 1599 milites,

89 1608 136 1644 ne
174 1609 385 1655 deficerent,
418 1624 491 1646 neu
525 1614 739 1659 paterentur
777 1610 901 1647 hostes
936 1609 1123 1659 fugientes
1160 1608 1328 1645 vincere:

89 1675 211 1711 neque
239 1662 309 1699 illis
346 1668 466 1700 castra
502 1676 597 1707 esse,
628 1677 748 1712 neque
782 1663 1051 1700 munimentum
1086 1661 1217 1706 ullum,
1255 1659 1331 1710 quo

89 1716 266 1752 cedentes
294 1717 508 1752 tenderent:
542 1716 581 1751 in
616 1717 724 1753 armis
759 1717 883 1754 omnia
918 1717 1000 1753 sita.
1059 1716 1132 1752 Sed
1164 1729 1234 1752 nec
1268 1715 1332 1751 Ju-

89 1769 224 1818 gurtha
258 1770 407 1819 quidem
452 1768 594 1806 interea
629 1770 777 1819 quietus
815 1775 913 1807 erat:
961 1767 1132 1813 circu'ire,
1178 1768 1331 1813 hortari,

88 1835 268 1860 renovare
297 1822 479 1872 proelium,
515 1828 552 1859 et
586 1822 666 1872 ipse
703 1837 787 1860 cum
820 1823 974 1860 delectis
1010 1827 1151 1859 tentare
1185 1822 1329 1859 omnia:

90 1876 288 1913 subvenire
308 1876 398 1922 suis,
423 1876 594 1912 hostibus
626 1876 748 1913 dubiis
776 1877 937 1914 instare:
967 1889 1059 1925 quos
1089 1876 1213 1912 firmos
1244 1888 1332 1925 cog-

89 1935 255 1973 noverat,
287 1929 429 1966 eminus
459 1930 675 1979 pugnando,
702 1931 873 1967 retinere.
927 1930 983 1966 Eo
1011 1929 1123 1966 modo
1154 1929 1227 1965 duo
1260 1929 1331 1965 im-

89 1988 293 2030 peratores,
329 1983 463 2019 summi
510 1983 592 2026 viri,
628 1983 722 2020 inter
760 1998 799 2021 se
836 1984 1048 2028 certabant3
1094 1982 1167 2031 ipsi
1203 1995 1326 2031 pares,

91 2035 268 2072 caeterum
288 2036 421 2084 opibus
442 2035 663 2084 disparibus.
715 2037 815 2074 Nam
845 2036 1000 2073 Metello
1029 2035 1143 2072 virtus
1170 2035 1330 2072 militum

92 2093 183 2134 erat,
217 2089 321 2126 locus
358 2089 562 2132 advorsus3
597 2089 791 2140 ,Iugurthae
826 2090 897 2126 alia
930 2090 1066 2135 omnia,
1099 2094 1236 2139 praeter
1263 2089 1332 2125 mi-

91 2140 187 2185 lites,
206 2148 425 2191 opportuna.
479 2142 651 2191 Denique
680 2142 851 2189 Romani,
880 2143 945 2180 ubi
973 2142 1185 2193 intelligunt
1210 2155 1330 2191 neque

92 2194 162 2230 sibi
198 2196 410 2246 profugium
446 2209 542 2238 esse,
578 2209 699 2245 neque
731 2197 777 2233 ab
814 2197 918 2233 hoste
956 2196 1101 2246 copiam
1139 2195 1333 2245 pugnandi

93 2247 183 2293 fieri,
219 2250 273 2295 (et
313 2250 392 2298 jam
438 2249 511 2285 diei
546 2262 681 2297 vesper
726 2252 833 2298 erat,)
864 2250 1022 2287 advorso
1069 2249 1177 2293 colle,
1222 2248 1331 2285 sicuti

92 2307 323 2350 praeceptum
377 2302 510 2346 fuerat,
565 2302 739 2341 evadunt.
828 2303 977 2341 Amisso
1027 2302 1124 2347 Ιοοο,
1151 2301 1327 2339 Numidae
