1492 2531
317 83 373 120 Hl
381 81 573 120 STORIA
579 81 694 120 RUM
722 81 1069 120 FRAGMENTA.
1238 83 1309 121 117

135 187 197 225 Ne
215 187 277 224 illa
305 194 409 225 tauro
440 187 559 237 parati
584 187 667 223 sint.
721 185 907 233 Donatus,
937 191 1025 224 actu
1056 186 1104 225 iv.
1129 201 1236 227 scena
1270 192 1307 229 2.

86 239 258 278 Andriae.

138 294 334 332 Daedalum
367 307 413 330 ex
448 293 578 330 Sicilia
612 293 832 342 profectum,
865 294 949 330 cum
990 294 1129 331 Minois
1162 296 1309 347 fugeret

85 347 175 383 iram
207 354 316 397 atque
353 360 454 395 opes.
509 346 751 389 Priscianus,
783 346 847 384 lib.
883 347 932 384 vi.
986 346 1151 385 Servius.

140 400 261 444 Quem
280 415 326 438 ex
347 400 384 435 M
393 400 573 437 auritania
600 413 665 436 rex
683 400 859 449 Leptasta
879 401 1098 449 proditionis
1118 403 1309 443 insimula-

86 459 164 489 tum
189 468 272 490 cum
292 454 508 490 custodibus
531 453 692 490 miserat.
748 452 992 498 Prisciamm,
1011 454 1074 492 lib.
1091 456 1114 492 i.

141 505 246 549 Quos
277 507 474 544 advorsum
503 507 610 544 multi
627 520 672 543 ex
702 506 878 556 Bithynia
906 507 1074 545 volentes
1104 521 1311 559 occurrere,

84 558 219 596 falsum
251 561 368 597 filium
413 561 606 610 arguituri.
660 559 903 606 Priscianus,
923 560 1038 599 lib.x.

141 613 193 651 Ut
211 614 353 651 actione
374 614 576 651 desisteret.
629 613 783 651 Messus.

142 666 328 716 Vespera.
384 666 569 713 Carisius,
589 668 610 704 l.
630 667 667 704 ii.

145 721 351 769 Argentum
371 726 540 756 mutuum
560 719 759 757 arcessivit.
813 719 933 757 Prisc.
955 719 978 757 l.
997 734 1031 756 x.

141 774 236 810 Eam
266 774 492 811 deditionem
511 779 674 819 senatus,
694 787 759 822 per
778 775 930 811 nuncios
951 772 1096 810 Orestis
1115 774 1316 825 cognitam,

89 828 284 878 approbat.
340 827 462 864 Prisc.
488 827 510 864 l.
528 827 575 864 vi.

145 880 229 917 Nisi
248 880 322 932 qua
341 882 476 918 fiumen
501 881 627 917 Lurda
651 879 775 917 Tauro
807 886 930 917 monte
963 881 1140 919 defluens.
1197 882 1317 931 Idem,

92 933 238 971 ibidem.

145 988 308 1036 Frugum
337 987 539 1037 pabulique
567 986 676 1024 laetus
707 1000 808 1036 ager.
863 985 1092 1025 Arusianus.
1149 987 1318 1035 Servius,

93 1041 118 1078 ἰ.
137 1041 161 1078 i.
177 1040 374 1077 AEne'iclos.

145 1094 281 1143 Neque
300 1093 463 1143 virgines
494 1099 649 1142 nuptum
679 1092 701 1129 εὶ
731 1094 947 1143 parentibus
980 1094 1232 1139 mittebantur,
1252 1097 1319 1133 sed

93 1148 186 1197 ipsae
205 1147 293 1183 belli
312 1147 618 1195 promptissumos
640 1147 876 1196 delegebant.
930 1146 1091 1184 Messus.

150 1199 350 1238 Modestus
368 1201 415 1236 ad
433 1200 556 1237 onmia
574 1201 658 1246 alia,
674 1201 743 1237 nisi
771 1201 819 1236 ad
837 1200 1135 1238 dominationem.
1191 1200 1321 1239 Dona-

95 1258 170 1300 tus,
189 1253 344 1290 Plzorm.
365 1257 436 1289 act.
456 1254 479 1290 i.
497 1267 546 1290 sc.
566 1254 603 1291 2.

149 1307 277 1344 Noctu
303 1307 441 1357 diuque
474 1307 650 1344 stationes
680 1312 716 1344 et
752 1306 896 1357 vigilias
927 1312 1079 1345 tentare.
1136 1306 1322 1355 Carisius,

96 1359 162 1398 lib.
182 1361 216 1397 ii.

149 1414 201 1451 At
218 1412 417 1450 Lucullum
440 1413 538 1463 regis
571 1413 660 1450 cura
685 1413 893 1450 machinata
921 1414 1036 1450 fames
1062 1413 1167 1451 brevi
1195 1415 1325 1466 fatiga-

97 1469 173 1504 bat.
229 1466 417 1516 Multique
447 1473 675 1504 commeatus
710 1466 925 1504 interierant
953 1467 1096 1504 insidiis
1127 1467 1326 1506 latronum.

100 1520 222 1558 Prisc.
240 1520 262 1557 l.
281 1520 342 1557 vii.
364 1524 398 1556 et
417 1519 576 1557 Nonius.

152 1574 327 1623 Namque
363 1574 523 1623 primum
553 1574 728 1611 Jasonem
767 1587 863 1610 novo
894 1574 1023 1611 itinere
1053 1575 1162 1612 maris
1198 1574 1328 1613 AE'e'tae

100 1627 256 1677 hospitis
275 1627 424 1664 domum
442 1626 618 1664 violasse.
676 1626 908 1673 Priscianus,
927 1626 990 1664 lib.
1009 1628 1083 1665 viii.

151 1680 368 1717 Tartessum
396 1680 589 1730 Hispaniae
617 1681 814 1726 civitatem,
845 1694 955 1729 quam
975 1695 1072 1718 nunc
1106 1681 1223 1732 Tyrii,
1249 1696 1329 1720 mu-

101 1739 176 1771 tato
196 1733 356 1777 nomine,
377 1733 520 1770 Gaddir
538 1734 684 1771 habent.
744 1733 867 1770 Prisc.
889 1733 911 1770 l.
932 1749 965 1771 v.

154 1787 289 1836 Neque
310 1787 497 1833 subsidiis,
516 1786 570 1823 uti
600 1787 774 1831 soluerat,
805 1787 1031 1837 compositis.
1084 1787 1212 1825 Prisc.
1241 1788 1264 1825 l.
1292 1803 1328 1826 x.

101 1841 273 1878 Soluerat
293 1844 417 1876 autem
436 1844 488 1876 est
509 1840 639 1877 solitus
659 1841 790 1878 fuerat.

155 1894 291 1943 Neque
311 1894 469 1930 inermes
498 1907 545 1931 ex
565 1893 695 1943 proelio
720 1895 818 1932 viros
848 1907 1074 1945 quemquam
1093 1900 1327 1945 agnoturum.

101 1946 219 1993 Idem,
238 1947 384 1984 ibidem.

155 2000 211 2037 Ea
230 1999 458 2038 continentia
482 2000 537 2036 vir
556 2001 681 2050 gravis
701 2007 738 2038 et
752 2000 856 2037 nulla
874 2006 950 2037 arte
971 2001 1143 2051 cuiquam
1164 1999 1326 2039 inferior.

103 2052 287 2091 Arusian.
305 2053 403 2090 Non..
422 2052 462 2089 in
478 2052 631 2091 Gravis.

157 2106 310 2153 Omnes,
329 2107 393 2157 qui
420 2105 558 2143 circum
585 2111 682 2150 sunt,
701 2107 921 2156 praeminent
948 2107 1140 2144 altitudine
1171 2107 1327 2145 millium

102 2173 278 2210 passuum
298 2162 467 2198 duorum.
519 2160 701 2197 Arusian.

159 2215 180 2236 *
208 2214 257 2250 Et
277 2214 383 2251 Poeni
400 2214 521 2250 ferunt
539 2213 718 2250 adversus
737 2213 784 2251 A.
801 2213 850 2255 N,
871 2213 912 2251 C.
931 2214 985 2252 Μ.
1040 2214 1230 2252 Donatus.

159 2266 256 2311 Quia
290 2281 445 2318 corpore
481 2272 518 2304 et
554 2267 683 2317 lingua
718 2267 913 2316 percitum,
947 2274 984 2306 et
1015 2268 1230 2318 inqffietem,
1263 2282 1329 2305 no-
