1492 2531
153 161 177 199 8
588 160 867 199 SALLUSTII

152 264 256 316 cujus
275 270 412 314 praeter
429 264 596 311 formam,
619 263 709 301 nihil
739 278 902 315 unquam
923 264 1043 302 bonus
1062 263 1226 303 laudavit
1238 280 1248 313 3
1279 265 1380 315 quod

151 331 198 354 ea
215 319 355 356 nubere
373 317 424 354 illi
443 318 652 362 dubitabat,
681 318 815 355 timens
831 318 1042 369 privignum
1061 319 1227 356 adultum
1246 325 1354 357 aetate
1371 335 1381 365 ;

151 385 218 421 pro
244 377 343 408 certo
373 371 546 415 creditur,
577 377 709 408 necato
736 371 825 418 filio,
854 385 1008 408 vacuam
1038 372 1186 409 domum
1211 372 1380 410 scelestis

150 425 289 475 nuptiis
318 424 464 462 fecisse.
521 424 616 468 Quae
636 425 785 474 quidem
815 438 874 461 res
904 424 991 461 mihi
1019 425 1056 461 in
1084 425 1213 474 primis
1234 426 1381 465 videtur

151 491 265 515 causa
276 478 392 514 fuisse
412 478 583 514 facinoris
602 478 832 523 maturandi;
861 491 1019 528 namque
1038 479 1181 516 animus
1198 479 1379 528 impurus,

150 531 220 568 diis
239 531 524 580 hominibusque
551 531 722 577 infestus,
750 545 871 582 neque
895 531 1030 582 vigiliis
1050 545 1170 581 neque
1193 533 1379 582 quietibus

150 585 272 622 sedari
290 589 459 634 poterat;
484 585 536 621 ita
566 585 792 622 conscientia
822 590 982 622 mentem
1008 585 1164 621 excitam
1194 587 1379 633 vexabat3

149 637 264 687 igitur
294 637 397 674 color
421 638 454 674 ei
482 638 693 687 exsanguis,
717 638 807 675 foedi
835 637 934 675 oculi
950 652 960 685 3
988 638 1082 675 citus
1110 637 1235 685 modo,
1265 639 1377 678 modo

149 691 291 737 tardus,
311 691 499 728 incessus:
530 704 683 741 prorsus
700 691 739 728 in
756 692 849 728 facie
864 691 1042 740 vultuque
1062 691 1234 728 vecordia
1250 692 1379 729 inerat.

148 743 226 782 Sed
249 746 498 795 juventutem,
519 758 645 794 quam,
669 750 709 781 ut
728 759 841 795 supra
859 745 1031 790 diximus,
1050 744 1229 789 illexerat,
1252 745 1378 791 multis

148 797 270 835 modis
289 797 387 835 mala
404 798 567 835 facinora
585 798 787 835 edocebat:
808 812 854 835 ex
871 797 944 835 illis
960 803 1075 835 testes
1095 798 1377 849 signatoresque

147 851 262 888 falsos
279 852 513 889 commodare
531 866 540 897 3
568 851 694 897 fidem,
712 852 892 895 fortunas,
911 850 1088 901 pericula,
1106 851 1193 888 vilia
1216 851 1378 899 habere3

148 910 249 954 post,
268 906 333 942 ubi
360 918 488 942 eorum
514 904 649 942 famam
677 910 788 955 atque
808 905 990 954 pudorem
1012 905 1213 951 attriverat,
1240 906 1380 956 majora

148 958 219 995 alia
237 958 455 1008 imperabat.
509 958 549 995 Si
572 972 686 995 causa
702 959 881 1008 peccandi
899 959 937 995 in
955 971 1121 1007 praesens
1146 958 1267 995 minus
1286 972 1376 1009 sup-

147 1013 315 1061 petebat,
338 1012 576 1050 nihilominus
603 1012 784 1056 insontes,
810 1012 919 1049 sicuti
937 1017 1077 1056 sontes,
1097 1011 1378 1058 circumvenire,

142 1065 339 1116 jugulare:
369 1065 524 1109 scilicet,
558 1064 606 1102 ne
630 1079 699 1115 per
728 1066 843 1103 otium
871 1070 1125 1114 torpescerent
1154 1078 1285 1102 manus
1314 1071 1377 1102 aut

145 1120 302 1163 animus,
334 1117 496 1169 gratuito
525 1119 649 1168 potius
676 1118 795 1155 malus
825 1124 936 1169 atque
966 1118 1127 1155 crudelis
1150 1123 1238 1156 erat.
1306 1119 1376 1156 His

145 1173 273 1210 amicis
291 1173 478 1222 sociisque
494 1172 654 1209 confisus
671 1172 851 1218 Catilina3
880 1171 1002 1212 simul,
1025 1169 1126 1222 quod
1144 1185 1196 1209 aes
1216 1170 1376 1209 alienum

146 1239 214 1274 per
242 1225 362 1263 omnis
392 1231 508 1262 terras
527 1226 659 1275 ingens
691 1230 789 1262 erat:
821 1231 870 1269 et,
899 1225 1003 1275 quod
1033 1224 1201 1275 plerique
1232 1224 1377 1261 Sullani

146 1279 294 1325 milites,
321 1279 462 1330 largius
495 1292 563 1316 suo
610 1279 681 1325 usi,
726 1279 937 1327 rapinarum
973 1283 1010 1315 et
1046 1279 1210 1315 victoriae
1239 1278 1376 1315 veteris

144 1347 341 1379 memores,
366 1332 473 1369 civile
500 1331 641 1369 bellum
664 1333 910 1380 exoptabant3
940 1331 1197 1381 opprimundae
1223 1332 1375 1379 reipub—

143 1385 227 1423 licoe
241 1386 435 1423 consilium
451 1386 562 1435 cepit.
616 1385 660 1421 In
677 1385 787 1422 Italia
798 1384 920 1421 nullus
937 1384 1121 1421 exercitus
1136 1399 1144 1419 ε
1177 1383 1244 1421 Cn.
1261 1383 1374 1421 Pom-

145 1441 253 1488 pe'i'us
278 1440 314 1476 in
337 1439 510 1476 extremis
540 1439 646 1476 terris
674 1438 814 1475 bellum
839 1439 1013 1488 gerebat:
1041 1437 1112 1486 ipsi
1142 1436 1375 1474 consulatum

143 1493 299 1542 petundi
333 1506 465 1542 magna
503 1505 612 1542 spes:
653 1497 804 1528 senatus
831 1490 922 1528 nihil
952 1504 1041 1527 sane
1069 1490 1254 1528 intentus:
1283 1495 1374 1528 tutae

142 1547 431 1596 tranquillaeque
467 1559 524 1583 res
552 1559 701 1583 omnes:
731 1546 798 1581 sed
827 1558 870 1582 ea
900 1557 1052 1593 prorsus
1080 1549 1289 1593 opportuna
1308 1543 1375 1580 Ca-

141 1600 271 1638 tilinae.
327 1599 447 1649 Igitur
473 1599 618 1636 circiter
641 1597 716 1635 kal.
746 1598 843 1643 Jun.,
873 1597 917 1634 L.
947 1598 1096 1647 Caesare
1116 1604 1152 1633 et
1178 1598 1219 1634 C.
1241 1596 1373 1645 Figulo

143 1666 253 1701 coss.,
282 1651 402 1703 primo
433 1652 600 1702 singulos
628 1651 835 1702 appellare:
876 1650 1014 1687 hortari
1044 1650 1150 1696 alios,
1178 1649 1269 1687 alios
1299 1655 1375 1688 ten-

143 1712 248 1755 tare3
276 1720 367 1757 opes
397 1721 498 1753 suas,
523 1706 742 1755 imparatam
759 1703 1041 1754 rempublicam,
1068 1717 1203 1753 magna
1220 1703 1375 1753 praemia

143 1761 408 1811 conjurationis
428 1761 574 1797 docere.
619 1758 695 1796 Ubi
714 1757 805 1795 satis
819 1757 1009 1807 explorata
1025 1763 1123 1801 sunt,
1144 1770 1228 1806 quae
1244 1756 1373 1803 voluit,

142 1814 179 1850 in
209 1828 322 1851 unum
347 1812 468 1850 omnis
499 1817 681 1850 convocat
712 1812 849 1861 quibus
868 1823 1043 1848 maxuma
1060 1810 1308 1856 necessitudo,
1336 1819 1373 1847 et

142 1867 342 1916 plurimum
360 1866 526 1903 audaciae
545 1866 676 1903 inerat.
718 1863 777 1901 Εὸ
792 1862 1013 1907 convenere,
1030 1863 1203 1900 senatorii
1222 1863 1373 1909 ordinis,

142 1920 188 1957 P.
211 1920 393 1958 Lentulus
413 1920 521 1965 Sura,
548 1919 592 1957 P.
613 1918 831 1963 Autronius,
861 1918 904 1954 L.
925 1917 1078 1954 Cassius
1100 1915 1307 1967 Longinus,
1327 1916 1372 1954 C.

144 1974 347 2023 Cethegus,
366 1973 411 2010 P.
430 1978 466 2010 et
487 1972 592 2009 Serv.
609 1971 725 2008 Sullae
742 1970 862 2008 Servii
876 1970 953 2014 filii,
973 1970 1017 2007 L.
1037 1968 1306 2019 Vargunteius,
1324 1969 1372 2013 Q.

141 2026 301 2073 Annius,
320 2027 375 2064 M.
396 2027 553 2063 Porcius
573 2025 700 2069 Laeca,
715 2024 761 2062 L.
774 2025 913 2067 Bestia,
933 2023 979 2067 Q.
995 2022 1150 2067 Curius;
1177 2029 1371 2072 praeterea,

141 2093 189 2116 ex
214 2080 377 2130 equestri
405 2079 548 2124 ordine,
575 2078 630 2115 M.
659 2077 813 2114 Fulvius
837 2077 1024 2122 Nobilior,
1043 2076 1086 2113 L.
1115 2075 1295 2122 Statilius,
1324 2076 1371 2113 P.

143 2133 329 2170 Gabinius
349 2133 496 2182 Capito,
521 2133 562 2169 C.
593 2131 811 2177 Cornelius3
841 2130 889 2167 ad
913 2131 996 2174 hoc,
1023 2128 1125 2166 multi
1145 2142 1191 2165 ex
1216 2128 1370 2166 coloniis

141 2193 179 2224 et
211 2186 435 2235 municipiis,
470 2183 570 2222 domi
596 2184 754 2221 nobiles.
810 2184 926 2221 Erant
952 2188 1133 2232 praeterea
1161 2182 1370 2231 complures

141 2239 252 2290 paulo
285 2238 466 2276 occultius
504 2238 648 2274 consilii
685 2237 838 2288 hujusce
875 2236 1089 2286 participes,
1121 2248 1215 2285 quos
1247 2234 1370 2286 magis

142 2293 401 2331 dominationis
426 2305 511 2340 spes
530 2291 759 2335 hortabatur,
780 2289 889 2340 quam
909 2290 1045 2338 inopia,
1068 2294 1132 2325 aut
1150 2288 1222 2324 alia
1239 2302 1369 2326 neces-

141 2347 275 2386 situdo.
307 2343 493 2383 Caeterum
504 2346 679 2396 juventus
700 2343 892 2394 pleraque,
911 2343 977 2379 sed
996 2341 1166 2379 maxume
1178 2341 1369 2389 nobilium,
