1492 2531
572 163 854 194 DEDICATIO.
1275 146 1333 192 vii

99 283 209 324 cant
246 283 368 332 voto,
411 284 461 323 ut
497 293 657 324 earum
700 279 874 341 scripto
923 278 1112 325 Livium
1158 279 1329 341 ipsum,

97 354 167 401 vel
209 353 247 399 si
289 354 572 400 haberemus
607 355 866 420 integrum,
911 356 1031 403 mole
1073 364 1333 418 superaret.

97 435 184 490 Ea,
224 452 331 499 quae
373 437 471 483 sola
514 437 573 484 ab
620 437 812 485 interitu
859 455 909 486 se
953 438 1332 494 vindicaverunt,

96 514 338 574 opuscula,
378 512 656 562 Catilinaria
708 515 987 582 Conjuratio
1045 517 1333 580 Bellumque

94 590 462 654 Jugurthinum,
504 593 682 654 quanta
706 593 976 656 eloquentia
1016 593 1190 656 scripta
1229 594 1334 641 fue-

96 668 203 723 rint,
224 667 413 730 copiose
439 668 686 725 disserere,
712 671 906 735 longum
950 678 1088 717 esset.
1176 671 1332 729 Quam

93 744 324 809 graphice
368 745 587 810 depingit
608 748 921 809 perduellium
948 747 1216 803 audacium,
1260 766 1334 794 as-

95 829 190 878 tus,
219 830 264 868 et
306 823 701 881 machinamenta,
730 826 992 873 Poenorum
1032 825 1331 872 calliditatem

94 905 142 945 et
185 899 382 946 dubium
421 899 561 947 fidem
602 901 750 959 domi,
785 905 980 950 senatus
1021 903 1333 967 vigilantiam,

92 976 207 1024 foris
252 977 446 1024 bellicos
506 987 760 1042 apparatus
805 988 928 1028 artes
992 980 1334 1043 imperatorum

92 1054 258 1110 varias,
295 1055 498 1102 incertas
522 1057 792 1118 praeliorum
816 1058 943 1106 vices
966 1064 974 1106 !
1033 1057 1190 1113 Quam
1218 1057 1334 1104 vivis

91 1131 359 1179 artificiosae
404 1132 633 1180 orationis
669 1135 906 1182 coloribus
953 1135 1138 1183 nativos
1179 1151 1332 1183 mores

92 1209 335 1256 hominum
374 1215 421 1255 et
461 1210 757 1259 characteres
805 1212 1040 1274 exprimit,
1089 1212 1333 1259 subdolam

92 1286 315 1332 Catilinae
356 1285 719 1346 simulationem,
742 1289 930 1336 facilem
968 1289 1174 1335 Caesaris
1200 1305 1333 1335 man—

91 1363 410 1418 suetudinem,
472 1361 672 1426 rigidam
736 1366 931 1413 Catonis
986 1364 1331 1413 constantiam!

92 1441 459 1505 Conjuratorum
504 1445 646 1503 quam
670 1444 850 1490 ardenti
898 1444 971 1491 ille
1018 1443 1206 1490 stimulo
1231 1442 1332 1488 ani«

92 1534 191 1563 mos
217 1518 386 1583 erigit;
432 1528 576 1586 quam
601 1521 813 1586 benigne
839 1520 971 1577 alter,
1022 1537 1083 1566 ne
1102 1519 1334 1566 crudelior

91 1595 267 1651 audiat,
295 1598 570 1653 miseretur;
612 1602 754 1662 quam
780 1600 944 1645 severe
981 1596 1227 1644 maleficiis
1250 1599 1332 1642 de-

91 1671 239 1719 bitum
266 1674 361 1731 hic,
381 1676 620 1741 nejustus
648 1692 743 1722 non
768 1674 995 1730 videatur,
1022 1674 1173 1739 exigit
1221 1690 1333 1736 sup-

90 1749 282 1812 plicium
310 1758 318 1799 !
390 1753 535 1800 Mitto
579 1753 693 1800 alias
731 1751 944 1807 virtutes,
966 1768 1083 1815 quas
1110 1752 1155 1797 in
1183 1751 1255 1797 his
1279 1750 1332 1797 li-

89 1826 186 1874 bris
210 1828 471 1877 emicantes
491 1830 665 1893 passim
685 1829 841 1876 mirari
867 1828 1052 1876 facilius
1076 1834 1165 1884 est,
1189 1832 1332 1890 quam

89 1903 298 1952 laudare.
383 1907 525 1954 Hanc
583 1906 789 1955 Sallustii
844 1904 1141 1953 celeberrimi
1185 1904 1328 1967 scrip-

90 1980 220 2037 toris,
245 1998 333 2029 nec
376 1983 462 2030 tibi
496 1984 543 2030 in
567 1984 802 2031 bonarum
847 1985 1087 2031 literarum
1114 1982 1220 2029 sinu
1259 1982 1332 2028 in-

91 2058 267 2105 nutrito
312 2060 465 2125 ignoti
523 2062 797 2125 editionem,
837 2068 948 2116 tuae,
987 2059 1073 2106 Vir
1118 2059 1329 2114 Nobilis,

92 2135 326 2184 clientelae
377 2135 656 2185 committo:
719 2134 948 2183 Veterum
1004 2135 1330 2182 Romanorum

82 2212 330 2274 justitiam,
376 2215 691 2269 clementiam,
717 2212 1019 2275 probitatem,
1047 2213 1206 2268 fidem,
1233 2212 1330 2259 elo-

95 2291 350 2354 quentiam,
374 2292 585 2355 aliasque
610 2292 670 2338 ab
696 2292 786 2338 hoc
805 2291 1003 2338 authore
1026 2290 1327 2336 adumbratas
