1492 2531
120 61 169 97 58
613 61 893 100 SALLUSTII

128 165 197 216 pra
221 166 393 209 diximus,
423 178 549 212 regem
585 170 709 202 tacere
734 166 841 215 jubet
872 180 881 212 ;
909 179 966 209 ac,
989 167 1134 204 tametsi
1153 166 1364 215 multitudo,

133 233 218 269 quae
251 221 290 256 in
322 219 499 256 concione
537 218 677 261 aderat,
710 218 950 256 vehementer
994 233 1162 264 accensa,
1207 223 1370 259 terrebat

134 286 217 308 cum
247 273 421 318 clamore,
457 271 573 317 vultu,
607 269 710 320 saepe
740 272 896 322 impetu,
932 278 1042 322 atque
1075 274 1156 311 aliis
1186 276 1372 319 omnibus,

134 340 218 374 quae.
247 327 302 362 ira
329 326 408 362 fieri
437 330 556 361 amat:
596 325 684 361 vicit
710 330 832 362 tamen
867 326 1109 376 impudentia.
1163 327 1223 364 Ita
1255 342 1373 377 popu-

133 378 204 424 lus,
234 379 397 416 ludibrio
437 378 600 422 habitus,
631 391 676 414 ex
712 380 910 415 conscione
947 379 1125 418 discedit:
1160 381 1372 431 Jugurthae,

132 432 359 492 Bestiaeque,
389 436 425 468 et
461 431 618 475 caeteris,
652 444 746 480 quos
771 431 834 468 illa
858 433 1015 481 quaestio
1046 435 1271 483 exau-itabat,
1290 436 1371 472 ani-

131 486 181 521 mi
210 490 429 536 augescunt.
482 484 573 521 Erat
606 499 651 521 ea
681 489 901 533 tempestate
938 485 1072 523 Rornae
1107 487 1263 524 Numidi
1292 489 1372 538 qui-

133 540 231 583 dam,
258 539 404 576 nomine
426 537 606 583 Massiva,
637 537 815 575 Gulussae
852 538 961 583 filius,
989 538 1205 577 Masinissae
1225 555 1369 591 nepos:

131 593 208 641 qui,
228 593 314 642 quia
340 592 376 627 in
396 567 628 628 dissensimie
647 604 779 641 regum
801 591 998 641 Jugurthae
1027 593 1207 630 advorsus
1237 595 1371 639 fuerat,

134 645 260 682 dedita
280 646 394 691 Cirta,
430 651 467 682 et
495 644 698 681 Atherbale
730 644 937 690 interfecto,
969 647 1150 696 profugus
1177 661 1224 684 ex
1242 647 1373 685 Africa

132 698 286 736 abierat.
343 699 442 735 Huic
471 698 536 747 Sp.
559 698 736 743 Albinus,
755 699 819 747 qui
847 713 1028 748 proxumo
1048 713 1144 736 anno
1164 706 1251 749 post
1280 700 1374 738 Bes-

134 753 223 789 tiam
242 767 326 789 cum
347 751 394 795 Q.
431 752 599 788 Minucio
635 751 736 787 Rufo
757 752 991 789 consulatum
1020 755 1186 802 gerebat,
1216 768 1372 802 persua-

135 806 210 851 det,
248 806 422 855 quoniam
457 819 503 842 ex
545 805 659 854 stirpe
699 804 914 842 Masinissae
953 806 1012 852 sit,
1054 806 1277 857 Jugurtham
1323 810 1372 845 ob

134 860 275 896 scelera
309 858 448 896 invidia
480 872 564 895 cum
600 864 700 895 metu
732 865 885 907 urgeat;
913 873 1069 909 regnum
1096 860 1287 897 Numidiae
1324 863 1371 898 ab

136 918 267 949 senatu
287 919 400 962 petat.
454 912 599 948 Avidus
620 911 750 948 consul
778 912 868 948 belli
891 913 1062 962 gerundi,
1087 914 1241 959 moveri,
1260 913 1373 964 quam

135 980 342 1011 senescere,
378 966 500 1001 omnia
526 965 702 1002 malebat.
758 964 836 1012 Ipsi
863 966 1052 1015 provincia
1074 966 1268 1014 Numidia,
1296 968 1371 1004 Mi-

136 1020 245 1056 nucio
275 1018 500 1057 Macedonia
525 1024 708 1056 evenerat.
765 1018 859 1062 Quae
877 1019 1078 1069 postquam
1096 1019 1269 1058 Massiva
1299 1022 1373 1070 agi-

135 1079 213 1109 tare
252 1073 387 1122 coepit:
432 1085 551 1121 neque
599 1071 794 1121 Jugurthae
837 1073 873 1109 in
909 1073 1036 1109 amicis
1074 1072 1163 1110 satis
1206 1075 1373 1122 praesidii

134 1132 204 1170 est,
238 1124 341 1176 quod
377 1139 504 1162 eorum
532 1124 644 1160 alium
672 1125 910 1170 conscientia,
937 1125 1050 1162 alium
1074 1127 1174 1163 mala
1204 1127 1303 1164 fama
1336 1134 1374 1165 et

136 1180 246 1216 timor
277 1179 402 1223 animi,
439 1178 689 1227 impediebat3
727 1178 927 1215 Bomilcari
965 1193 1158 1229 proxumo,
1191 1193 1235 1216 ac
1271 1194 1374 1218 max-

136 1232 221 1269 ume
253 1234 327 1270 fido
360 1232 445 1277 sibi,
481 1232 649 1279 imperat,
686 1232 818 1280 pretio,
853 1232 961 1268 sicuti
1000 1233 1117 1270 multa
1152 1234 1374 1281 confecerat,

134 1286 367 1323 insidiatores
401 1285 580 1321 Massivae
617 1290 735 1333 paret,
764 1299 806 1321 ac
842 1285 1017 1322 maxume
1049 1286 1217 1323 occulte:
1250 1287 1307 1324 sin
1335 1288 1374 1324 id

136 1340 267 1388 parum
297 1339 488 1389 procedat,
510 1338 642 1387 quovis
668 1339 779 1375 modo
804 1338 1008 1375 Numidam
1034 1339 1243 1376 interficiat.
1299 1340 1374 1378 Bo-

136 1393 264 1430 milcar
282 1391 425 1430 mature
443 1391 541 1439 regis
571 1392 747 1428 mandata
775 1392 1011 1440 exsequitur3
1040 1398 1077 1429 et
1106 1406 1172 1441 per
1190 1393 1372 1441 homines,

137 1446 220 1482 talis
247 1447 387 1495 negotii
415 1445 586 1490 artifices,
616 1445 749 1481 itinera
778 1459 1027 1495 egressusque
1060 1446 1153 1496 ejus,
1181 1448 1371 1496 postremo

137 1499 221 1536 loca
247 1505 357 1550 atque
393 1504 563 1548 tempora
588 1503 735 1544 cuncta,
765 1498 955 1548 explorat3
985 1498 1084 1543 dein,
1106 1499 1172 1536 ubi
1199 1514 1257 1536 res
1285 1514 1372 1549 pos-

136 1553 294 1597 tulabat,
322 1552 475 1589 insidias
503 1552 633 1588 tendit
687 1550 808 1601 Igitur
833 1565 929 1588 unus
960 1565 1006 1589 ex
1035 1566 1080 1589 eo
1109 1567 1277 1600 numero,
1308 1554 1374 1604 qui

138 1607 185 1642 ad
211 1607 354 1643 caedem
384 1605 503 1656 parati
530 1610 645 1650 erant,
663 1603 777 1653 paulo
805 1603 1050 1642 inconsultius
1077 1604 1285 1644 Massivam
1310 1620 1374 1657 ag-

138 1661 319 1708 greditur,
343 1659 447 1696 illum
483 1659 702 1694 obtruncat:
743 1659 811 1695 sed
841 1659 922 1707 ipse
955 1659 1222 1708 deprehensus,
1249 1660 1373 1697 multis

136 1713 382 1759 hortantibus,
413 1718 449 1749 et
467 1712 504 1747 in
540 1712 667 1759 primis
697 1710 836 1748 Albino
865 1711 1031 1755 consule,
1059 1713 1235 1750 indicium
1267 1713 1374 1762 profi-

137 1772 245 1803 tetur.
301 1767 361 1803 Fit
388 1779 474 1803 reus
501 1763 621 1812 magis
652 1778 697 1800 ex
720 1778 829 1814 aequo
862 1766 1051 1825 bonoque,
1078 1780 1189 1816 quam
1218 1780 1264 1803 ex
1286 1767 1370 1816 jure

138 1821 319 1868 gentium,
341 1819 548 1861 Bomilcar3
578 1831 702 1854 comes
727 1819 819 1867 ejus,
850 1819 913 1868 qui
942 1819 1101 1856 Romam
1130 1819 1201 1856 fide
1220 1819 1372 1869 publica

137 1879 298 1909 venerat.
354 1873 405 1910 At
447 1847 644 1920 Jugiirtha,
692 1872 910 1909 manifestus
955 1873 1048 1909 tanti
1083 1873 1249 1917 sceleris,
1281 1878 1372 1910 'non

136 1926 239 1974 prius
260 1926 383 1963 omisit
409 1931 536 1962 contra
553 1938 682 1961 verum
711 1925 791 1970 niti,
821 1925 933 1975 quam
959 1926 1228 1968 animadvortit,
1261 1940 1372 1975 super

137 1980 307 2028 gratiam,
343 1985 455 2029 atque
505 1978 701 2027 pecuniam
748 1992 865 2024 suam,
910 1979 1086 2016 invidiam
1135 1979 1222 2015 facti
1274 1993 1370 2017 esse.

137 2032 270 2082 Igitur,
301 2030 526 2081 quamquam
557 2032 594 2067 in
631 2032 751 2080 priore
785 2033 929 2069 actione
960 2046 1006 2069 ex
1035 2032 1161 2069 amicis
1190 2031 1373 2081 quinqua-

136 2086 241 2135 ginta
275 2086 388 2123 vades
421 2085 595 2130 dederat3
627 2098 742 2134 regno
777 2084 912 2135 magis,
932 2085 1044 2134 quam
1078 2085 1250 2130 vadibus,
1281 2099 1371 2123 con-

140 2139 281 2185 sulens,
314 2138 411 2176 clam
441 2140 478 2175 in
494 2138 710 2174 Numidiam
744 2138 988 2176 Bomilcarem
1014 2138 1185 2184 dimittit3
1214 2139 1370 2185 veritus,

138 2192 186 2228 ne
205 2192 365 2242 reliquos
397 2190 590 2241 popularis
614 2197 735 2227 metus
759 2192 950 2229 invaderet
979 2191 1134 2241 parendi
1164 2191 1248 2235 sibi,
1273 2193 1304 2228 si
1323 2193 1370 2229 de

136 2245 201 2281 illo
231 2245 454 2295 supplicium
482 2249 644 2282 sumtum
672 2244 788 2281 foret:
821 2250 856 2282 et
881 2246 961 2294 ipse
984 2245 1113 2293 paucis
1144 2245 1276 2282 diebus
1310 2244 1372 2282 εὸ-

137 2298 221 2335 dem
241 2300 430 2348 profectus
460 2303 529 2343 est,
552 2298 681 2348 jussus
711 2297 734 2334 ἐι
757 2305 888 2336 senatu
907 2298 1018 2336 ltalia
1035 2298 1227 2336 decedere.
1281 2298 1371 2345 Sed,
