1492 2531
149 81 221 118 118
565 79 841 118 SALLUSTII

143 184 239 221 mine
267 184 454 222 histrionis
474 185 537 222 vix
567 186 660 232 sani,
679 185 919 223 Bar-bule'ium
939 185 1192 235 appellabant.
1245 186 1374 227 Prisc.

145 235 209 274 lib.
228 238 274 274 vi.

199 291 417 329 Audaciter.
469 291 598 337 Idem,
613 306 671 328 xv.

198 345 258 382 Ibi
278 345 491 381 Fimbriana
522 345 716 390 seditione,
737 348 800 394 qui
834 348 913 398 regi
932 360 997 398 per
1026 348 1266 396 obsequelam
1297 363 1376 388 ora<

145 399 269 444 tionis,
307 405 342 435 et
371 398 543 435 maxume
581 399 705 435 odium
741 400 869 447 Sullae,
903 413 1036 451 graves
1073 402 1222 451 carique
1258 408 1374 440 erant.

144 451 314 489 Nonius:
345 450 568 503 Obsequium
586 456 683 489 nent.
700 467 850 503 genere,
871 452 1060 505 obsequela
1070 456 1177 503 soem.

146 526 148 529 v
197 505 387 542 Moenibus
407 506 589 543 deturbat.
644 505 742 543 Non.
760 507 968 546 deturbare.

194 558 228 594 E
247 559 359 595 inuris
379 573 489 596 canes
509 560 643 609 sportis
664 560 918 598 demittebant.
974 559 1089 596 Idem.
1113 581 1115 583 ·

196 612 260 649 Ad
284 611 354 649 hoc
383 614 608 659 rumoribus,
638 613 795 650 advorsa
819 615 853 650 in
884 618 1130 664 praV1tatem3
1159 614 1323 651 secunda
1339 616 1376 652 in

145 678 301 710 casumg
331 666 515 703 fortunam
554 667 591 703 in
628 668 870 705 temeritatem
900 667 1134 712 declinando,
1171 681 1376 717 corrumpe-

147 720 248 756 bant.
302 717 418 756 Idem.

195 772 249 809 At
279 772 473 817 Metellus,
488 773 526 809 in
556 772 779 810 Ulteriorem
798 774 1019 824 Hispaniam
1048 779 1135 823 post
1166 786 1303 810 annum
1321 788 1378 811 re-

145 839 311 876 gressus,
346 827 484 876 magna
516 825 635 876 gloria
662 829 958 865 concurrentium
988 828 1166 876 undique,
1194 826 1313 872 virile,
1341 833 1377 865 et

144 879 323 916 muliebre
340 894 462 924 secus,
482 894 548 929 per
567 880 644 917 vias
664 894 706 917 ac
726 886 824 918 tecta
843 882 1005 918 omniurn
1026 881 1224 917 visebatur.
1281 880 1376 918 Cum

145 938 309 983 quaestor
340 934 382 971 C.
415 933 581 970 Urbinus
615 934 767 984 aliique,
801 933 952 984 cognita
980 934 1183 978 voluntate,
1217 948 1299 971 eum
1329 935 1377 971 ad

145 999 290 1023 coenam
336 987 601 1032 invitaverant3
649 988 745 1024 ultra
789 989 1043 1025 Romanorum
1086 994 1122 1025 et
1167 988 1376 1024 mortalium

144 1040 255 1076 etiam
287 1053 426 1077 morem
459 1041 649 1086 curabant,
687 1042 873 1078 exornatis
911 1042 1055 1078 aedibus
1089 1054 1155 1090 per
1188 1041 1308 1077 aulaea
1341 1049 1378 1079 et

144 1093 320 1143 insignia,
352 1094 548 1143 scenisque
577 1094 621 1130 ad
652 1095 935 1131 ostentationem
966 1094 1186 1131 histrionum
1216 1094 1377 1132 fabrica-

144 1147 216 1193 tis;
246 1147 355 1183 simul
381 1161 490 1184 croco
517 1161 648 1196 sparsa
674 1148 826 1194 humus,
859 1153 896 1185 et
925 1147 1009 1192 alia,
1035 1147 1073 1183 in
1104 1148 1215 1185 modo
1248 1148 1377 1198 templi

145 1200 401 1238 celeberrumi.
459 1200 660 1247 Praeterea,
700 1201 784 1238 cum
823 1201 966 1239 sedenti
1002 1201 1215 1247 transenna,
1248 1201 1379 1239 demis-

145 1268 225 1291 sum
264 1255 444 1292 Victoriae
474 1254 711 1291 simulacrum
742 1269 826 1292 cum
856 1254 1064 1291 machinato
1099 1255 1253 1304 strepitu
1288 1256 1379 1292 toni-

145 1314 270 1345 truum
307 1321 480 1345 coronam
518 1308 631 1357 capiti
677 1309 915 1357 imponebat:
963 1313 1041 1344 tum
1086 1308 1265 1354 venienti,
1297 1314 1377 1346 ture

146 1362 253 1411 quasi
272 1362 341 1398 deo
372 1361 665 1411 supplicabatur.
721 1361 829 1412 Toga
847 1364 946 1411 picta
970 1360 1194 1411 plerumque
1220 1362 1378 1399 amiculo

151 1424 231 1452 erat
267 1415 300 1451 ei
336 1415 596 1452 accumbenti:
644 1414 768 1465 epulae
805 1415 1111 1465 quaesitissumae:
1155 1429 1277 1465 neque
1312 1429 1379 1464 per

152 1482 301 1505 omnem
331 1467 443 1506 modo
474 1469 716 1518 provinciam,
746 1469 812 1505 sed
840 1474 941 1506 trans
968 1468 1095 1514 maria,
1131 1482 1177 1505 ex
1201 1468 1381 1506 Maurita-

149 1522 212 1558 nia
242 1522 450 1569 volucrum,
481 1528 518 1559 et
547 1522 707 1559 ferarum
736 1522 925 1571 incognita
953 1521 1062 1558 antea
1090 1522 1198 1571 plura
1229 1536 1379 1571 genera.

150 1575 296 1620 Quibus
343 1578 456 1614 rebus
516 1575 741 1626 aliquantam
787 1581 927 1624 partem
982 1574 1111 1625 gloriae
1157 1576 1379 1623 demiserat3

149 1628 322 1666 maxume
355 1631 456 1680 apud
483 1635 627 1666 veteres
656 1635 693 1667 et
721 1634 871 1666 sanctos
889 1629 1002 1672 viros,
1022 1630 1185 1678 superba
1201 1629 1277 1673 illa,
1298 1643 1381 1680 gra-

150 1682 224 1727 via,
271 1683 425 1733 indigna
466 1682 636 1719 Romano
680 1683 834 1732 imperio
874 1682 1153 1720 existumantes.
1208 1682 1377 1721 Macrob.

154 1734 280 1773 Satur.
298 1736 321 1773 l.
340 1737 390 1774 iii.
412 1751 441 1773 c.
461 1737 520 1773 13.
574 1735 731 1774 Nonius.
747 1735 952 1785 Sosipater,
974 1735 999 1772 l.
1018 1737 1042 1773 i.

203 1790 407 1839 Ruuntque
431 1803 518 1840 pars
546 1803 681 1839 magna
714 1790 870 1827 suismet
892 1795 955 1826 aut
984 1802 1249 1839 proxumorum
1281 1788 1378 1835 telis,

151 1844 275 1881 caeteri
293 1843 373 1880 vice
392 1857 569 1894 pecorum
588 1844 915 1880 obtruncabantur.
968 1842 1130 1880 Nonius.

205 1897 413 1934 Occurrere
448 1897 546 1941 duci,
583 1905 619 1934 et
654 1897 823 1946 proelium
852 1897 1071 1943 accendere,
1100 1893 1194 1933 ade&
1220 1900 1262 1932 ut
1299 1895 1379 1932 Me-

152 1950 242 1987 tello
277 1951 315 1987 in
350 1964 493 2001 sagum,
532 1950 733 1987 Hurtule'io
770 1951 806 1987 in
848 1949 1055 1995 brachium,
1091 1950 1168 1988 tela
1198 1948 1376 1986 venirent.

149 2003 264 2040 Idem.

205 2057 409 2106 Avidisque
438 2057 490 2093 ita
521 2057 777 2107 promptisque
811 2056 983 2102 ducibus,
1010 2054 1066 2092 uti
1095 2054 1272 2094 Metellus
1302 2057 1378 2093 ictu

152 2110 309 2160 tragulae
330 2110 570 2148 sauciaretur.
622 2110 739 2147 Idem.

205 2164 281 2201 Sed
302 2162 478 2200 Metellus
497 2163 535 2200 in
552 2164 717 2202 vulnere.
772 2164 870 2201 Don.
889 2168 959 2201 act.
981 2178 1017 2200 v.
1035 2175 1084 2199 sc.
1103 2163 1138 2199 2.
1157 2160 1256 2199 And.

205 2215 333 2255 Primo
357 2217 487 2255 incidit
514 2216 609 2255 forte
628 2231 694 2268 per
718 2223 863 2256 noctem
881 2217 918 2255 in
950 2214 1155 2254 renunculo
1187 2214 1379 2266 piscantis-

152 2270 198 2308 N
195 2284 253 2308 οη.
