1492 2531
155 89 205 126 46
640 88 914 127 SALLUSTII

156 198 266 243 atque
300 206 376 243 pai
378 197 476 229 entes
504 196 661 235 vestros,
699 205 768 242 per
795 192 1031 242 majestatem
1060 194 1191 243 populi
1210 194 1393 240 Romani,

156 247 343 284 subvenite
374 245 509 283 misero
542 244 659 282 milti.-
696 247 749 283 ite
783 244 932 283 obviam
962 247 1139 297 itywzffi
1171 248 1284 285 nolzte
1307 250 1393 298 paci

157 314 316 351 regnum
340 298 545 346 Numidiae,
571 298 666 348 quod
682 307 847 336 vestrum
875 305 944 344 est,
960 313 1029 350 per
1047 301 1166 338 scelus
1184 306 1219 338 et
1238 303 1394 353 sangui-

157 367 241 391 nem
250 353 419 404 famzlz'ae
437 359 542 391 nost}
546 368 572 390 ae
590 352 785 390 tabescere.

210 406 418 457 Postquam
451 422 517 444 rex
551 407 662 444 finem
691 406 869 456 loquendi
901 407 1001 450 fecit,
1037 406 1151 457 legati
1181 408 1392 458 J11gurthae‚

156 462 352 512 largitione
383 460 517 511 magis,
556 458 669 511 quam
700 459 827 505 causa,
860 460 956 505 freti,
985 461 1113 508 paucis
1143 462 1392 510 respondent;

158 513 428 563 Hiempsalem,
458 517 505 552 ob
525 514 705 552 saevitiam
729 527 847 558 suam,
877 513 923 549 ab
943 512 1118 550 Numidis
1137 514 1388 552 interfectum:

158 567 413 613 Atherbalem,
459 567 558 605 ultro
590 566 730 605 bellum
762 567 997 612 inferentem,
1042 566 1242 616 postquam
1280 582 1391 617 supe-

159 629 261 659 ratus
291 622 351 665 sit,
382 622 502 672 queri,
534 621 637 670 quod
664 620 836 671 injuriam
864 620 986 656 facere
1016 619 1230 669 nequisset3
1257 621 1393 670 Jugur-

159 676 260 712 tham
288 675 334 711 ab
354 682 483 712 senatu
502 680 640 724 petere,
665 673 712 710 ne
739 687 778 710 se
805 673 918 709 alium
940 679 1086 722 putaret
1114 688 1156 710 ac
1175 673 1393 711 Numantiae

160 729 329 778 cognitus
349 734 472 773 esset;
499 742 572 765 neu
591 728 706 765 verba
733 727 871 763 inimici
901 732 984 763 ante
1007 726 1104 763 facta
1133 741 1200 764 sua
1228 734 1394 776 poneret.

161 781 309 820 Deinde
342 783 487 832 utrique
520 782 622 818 curia
654 780 905 830 egrediuntur.
959 781 1116 817 Senatus
1151 779 1276 817 statim
1307 795 1394 818 con-

161 836 314 873 sulitur:
344 837 506 872 fautmes
534 835 753 884 leo-atomm,
778 832 961 883 praeterea
989 846 1125 883 magna
1147 847 1246 883 pars,
1275 835 1393 884 gratia

160 891 373 939 depravata,
411 888 627 926 Atherbalis
660 888 759 924 dicta
788 893 1046 924 contemnere:
1092 887 1288 937 Jugurthae
1321 889 1394 925 vir-

159 949 276 980 tutem
307 942 483 979 laudibus
516 941 710 979 extollere.
742 938 874 989 gratia,
901 953 1005 984 voce,
1034 941 1194 990 denique
1222 941 1394 978 omnibus

159 997 295 1042 modis,
322 1009 390 1045 pro
414 995 534 1032 alieno
554 995 692 1032 scelere
720 1000 757 1030 et
778 993 931 1043 flagitio,
962 1007 1030 1029 sua.
1049 995 1156 1043 quasi
1174 1008 1284 1044 pro²3
1263 993 1393 1033 ‹rloria

161 1051 384 1087 nitebantur.
440 1049 491 1085 At
521 1048 649 1085 contra
682 1048 805 1097 pauci,
842 1047 978 1096 quibus
1008 1048 1148 1084 bonum
1181 1054 1218 1085 et
1247 1062 1394 1097 aequum

162 1103 299 1140 divitiis
329 1103 449 1139 carius
477 1108 568 1146 erat,
602 1100 903 1138 subveniundum
933 1099 1143 1144 Atherbali,
1175 1107 1212 1138 et
1238 1103 1395 1151 Hiemp-

162 1158 250 1194 salis
280 1161 435 1193 mortem
462 1154 590 1192 severe
619 1154 898 1197 vindicandum,
917 1154 1139 1190 censebant:
1170 1155 1238 1191 sed
1256 1169 1303 1192 ex
1322 1169 1398 1192 om-

162 1212 272 1248 nibus
304 1209 477 1246 maxume
499 1208 676 1245 AEmilius
704 1208 881 1251 Scaurus,
911 1206 1021 1243 homo
1053 1207 1202 1251 nobilis,
1228 1209 1398 1259 impiger,

162 1265 355 1307 factiosus,
403 1262 531 1299 avidus
567 1261 757 1310 potentiae,
801 1260 964 1304 honoris,
1010 1260 1244 1306 divitiarum3
1290 1270 1399 1300 caete-

164 1332 246 1354 ium
274 1317 363 1354 vitia
392 1330 460 1352 sua
490 1314 623 1352 callide
653 1314 855 1350 occultans.
912 1312 964 1359 Is,
992 1314 1190 1362 postquam
1215 1317 1316 1353 videt
1344 1331 1399 1368 ξρ-

165 1372 223 1421 gis
255 1369 490 1420 largitionem
520 1369 697 1405 famosam
727 1367 1066 1416 impudentemque,
1095 1369 1248 1414 veritus,
1283 1370 1398 1419 (quod

165 1426 202 1461 in
222 1424 285 1462 tali
314 1437 353 1459 re
379 1422 508 1470 solet,)
538 1420 585 1459 ne
614 1421 758 1471 polluta
787 1419 936 1456 licentia
963 1420 1138 1457 invidiam
1167 1424 1399 1466 accenderet,

167 1478 330 1514 animum
364 1489 387 1512 a
415 1474 595 1512 consueta
623 1475 789 1511 lubidine
827 1473 1017 1510 continuit.
1070 1474 1175 1512 Vicit
1203 1480 1325 1512 tamen
1362 1477 1399 1512 in

167 1537 300 1569 senatu
325 1542 410 1579 pars
442 1529 519 1573 illa,
548 1542 633 1579 quae
659 1541 746 1564 vero
776 1527 935 1577 pretium
957 1532 1021 1564 aut
1046 1528 1200 1576 gratiam
1223 1530 1401 1567 antefere-

168 1586 241 1623 bat.
300 1582 508 1620 Decretum
536 1583 590 1628 fit,
618 1580 672 1618 uti
703 1581 831 1618 decem
860 1580 975 1630 legati
1001 1594 1170 1630 regnum,
1199 1583 1301 1632 quod
1329 1583 1403 1619 Mi-

168 1639 273 1688 cipsa
304 1636 529 1680 obtinuerat,
557 1636 653 1672 inter
677 1634 897 1683 Jugurtham
926 1640 963 1671 et
991 1633 1231 1673 Atherbalem
1262 1637 1402 1674 divide-

167 1698 261 1728 rent.
317 1690 433 1741 Cujus
462 1689 658 1739 legationis
690 1688 864 1737 princeps
893 1688 961 1724 fuit
993 1687 1038 1725 L.
1070 1688 1255 1738 Opimius,
1293 1690 1400 1727 homo

168 1745 306 1790 clarus,
335 1749 371 1780 et
399 1748 477 1780 tum
508 1744 545 1779 in
575 1747 706 1778 senatu
735 1746 891 1790 potens3
925 1741 1011 1791 quia
1039 1742 1182 1788 consul,
1221 1743 1262 1780 C.
1287 1744 1404 1780 Grac-

169 1799 239 1835 cho
269 1804 305 1834 et
335 1798 392 1834 M.
418 1795 552 1833 Fulvio
582 1795 800 1840 interfectis,
832 1793 1021 1831 acerrume
1046 1795 1246 1833 vindictam
1273 1797 1404 1833 nobili-

168 1852 254 1888 tatis
300 1851 339 1887 in
385 1848 531 1899 plebem
579 1855 805 1886 exercuerat.
870 1848 966 1884 Eum
1010 1848 1206 1898 Jugurtha,
1257 1851 1402 1887 tametsi

168 1904 303 1941 Romae
340 1903 376 1939 in
415 1903 542 1939 amicis
574 1902 767 1946 habuerat,
807 1906 931 1938 tamen
967 1903 1210 1939 curatissume
1240 1904 1400 1952 recepit:

170 1958 293 1995 dando
328 1962 365 1994 et
393 1956 604 2005 pollicendo
633 1954 760 1997 multa,
789 1954 957 2003 perfecit,
986 1954 1041 1991 uti
1069 1956 1180 2003 fama,
1207 1956 1293 2001 fide,
1321 1970 1404 2005 pos-

169 2010 289 2048 tremo
327 2010 498 2046 omnibus
536 2009 612 2046 suis
648 2009 760 2045 rebus
795 2009 1030 2045 commodum
1062 2009 1159 2059 regis
1194 2010 1403 2047 anteferret.

169 2064 354 2113 Reliquos
385 2063 530 2112 legatos
560 2061 692 2099 eadem
720 2059 782 2097 via
810 2074 852 2097 ao
833 2074 1027 2111 eggressus,
1056 2063 1252 2112 plerosque
1283 2066 1402 2113 capit:

169 2118 299 2168 paucis
341 2116 459 2152 carior
494 2116 598 2159 fides,
643 2127 756 2164 quam
792 2115 952 2162 pecunia
986 2115 1064 2151 fuit.
1130 2114 1175 2152 In
1210 2116 1404 2160 divisione,

171 2184 256 2223 quae
289 2183 375 2220 pars
408 2169 597 2206 Numidiae
629 2167 892 2204 Mauritaniam
925 2167 1085 2218 attingit,
1122 2182 1211 2218 agro
1241 2170 1404 2220 virisque

172 2223 397 2275 opulentior,
440 2222 633 2271 Juourthae
678 2221 856 2267 traditur3
911 2198 1040 2258 illam&
1057 2222 1221 2268 alteram,
1267 2224 1404 2272 specie,

172 2291 285 2329 quam
320 2290 406 2320 usu,
442 2275 638 2326 potiorem,
676 2287 759 2324 quae
793 2275 1004 2323 portuosior
1032 2281 1068 2312 et
1096 2276 1259 2314 aedificiis
1287 2277 1404 2326 magis
