1492 2531
469 132 529 170 IN
556 131 901 171 SALLUSTIUM.
1222 133 1294 170 165

68 238 159 274 simo
178 236 328 282 homini,
355 234 545 285 patuisset.
598 235 730 285 Itaque
766 236 913 279 timens,
943 233 990 271 ne
1024 234 1186 272 facinora
1218 236 1297 285 ejus

68 291 162 328 clam
194 305 260 328 vos
293 295 429 332 essent,
456 289 538 325 cum
574 289 743 326 omnibus
790 287 1126 340 patribus-familias
1165 303 1299 338 oppro-

67 346 148 381 brio
168 350 286 385 esset;
313 343 505 379 confessus
532 348 601 388 est,
620 343 725 379 vobis
756 343 1008 385 audientibus,
1042 341 1291 387 adulterium;

68 411 187 447 neque
225 397 372 434 erubuit
406 409 470 432 ora
505 401 639 432 vestra.
703 396 865 440 Vixeris,
896 394 951 432 uti
983 396 1088 440 libet,
1121 395 1273 433 Sallusti
1291 413 1300 443 ;

67 452 201 501 egeriS,
219 464 301 500 quae
332 449 513 487 volueris:
543 448 633 485 satis
651 450 711 494 sit,
731 463 843 486 unum
872 455 907 485 te
936 455 1082 486 tuorum
1115 448 1294 486 scelerum

67 505 255 540 conscium
273 517 378 540 esse:
408 503 483 539 noli
511 503 618 539 nobis
645 503 860 552 languorem
879 508 916 539 et
944 516 1113 551 soporem
1143 503 1295 539 nimium

67 559 285 606 exprobare.
340 556 475 593 Sumus
495 556 690 606 diligentes
722 556 760 592 in
778 557 915 593 tuenda
934 556 1111 605 pudicitia
1137 569 1296 592 uxorum

67 618 304 657 nostrarum;
333 610 395 646 sed
428 611 477 646 ita
497 610 704 658 experrecti
723 623 795 647 non
814 623 954 654 sumus,
987 615 1028 646 ut
1047 609 1069 646 ὀ,
1100 616 1134 646 te
1164 623 1297 647 cavere

69 665 265 712 possimus.
320 664 488 700 Audacia
522 669 586 699 tua
622 664 741 700 vincet
778 663 900 700 studia
931 669 1067 699 nostra.
1139 663 1297 712 Ecquod

67 717 165 754 hunc
183 731 329 754 movere
354 717 484 766 possit,
504 717 549 755 P.
570 715 626 760 C.,
644 717 782 753 sactum
801 730 843 753 ac
873 717 1011 752 dictum
1035 723 1155 764 turpe,
1184 729 1296 766 quem

68 784 141 807 non
177 771 307 820 puduit
341 770 478 820 paldm,
512 770 616 807 vobis
649 770 899 814 audientibus,
933 770 1152 806 adulterium
1186 770 1299 806 confi-

68 825 169 861 teri?
224 823 337 868 Quod
356 825 386 860 si
415 823 504 859 nihil
524 837 588 872 pro
624 838 682 860 me
714 824 782 860 tibi
817 824 1039 872 respondere
1075 823 1299 868 voluissem3

67 878 133 914 sed
158 877 249 914 illud
268 877 470 914 censorium
490 876 652 926 elogium
684 877 784 926 App.
813 876 968 922 Claudii,
986 882 1021 913 et
1050 876 1096 913 L.
1138 875 1299 917 Pisonis,

68 931 399 980 integerrumorum
432 931 603 974 virorum,
648 943 721 979 quo
756 943 841 966 usus
877 936 932 966 est
968 931 1124 980 quisque
1157 944 1297 974 eorum,

67 997 133 1034 pro
163 984 247 1034 lege
277 983 400 1032 palam
433 984 612 1020 universis
648 984 870 1029 recitarem3
906 982 1028 1020 nonne
1062 983 1128 1020 tibi
1158 984 1302 1020 viderer

69 1042 223 1074 aeternas
259 1038 402 1074 inurere
439 1037 614 1080 maculas,
643 1050 734 1086 quas
770 1037 912 1086 reliqua
947 1037 1019 1073 vita
1065 1043 1129 1073 tua
1174 1037 1298 1074 eluere

68 1105 142 1127 non
161 1091 313 1140 possit?
357 1091 491 1140 Neque
511 1095 593 1139 post
620 1090 723 1126 illum
761 1090 943 1127 delectum
970 1091 1121 1127 senatus
1154 1095 1189 1126 te
1223 1104 1302 1127 um-

70 1157 182 1193 quam
200 1144 368 1181 vidimus.
422 1142 507 1180 Nisi
523 1142 616 1180 sorte
636 1144 673 1180 in
701 1157 745 1180 ea
769 1150 803 1180 te
831 1149 950 1180 castra
983 1143 1187 1194 conjecisti,
1225 1142 1300 1193 quo

70 1198 188 1233 omnis
208 1198 352 1234 sentina
382 1197 598 1246 reipublicae
635 1197 875 1234 confluxerat.
946 1197 997 1234 At
1033 1198 1128 1233 idem
1162 1197 1303 1234 Sallus—

70 1251 159 1295 tius,
197 1251 261 1300 qui
297 1251 332 1286 in
363 1264 455 1300 pace
489 1264 534 1287 ne
573 1256 718 1287 senator
755 1251 902 1300 quidem
939 1257 1135 1294 manserat,
1172 1257 1302 1299 postea

71 1303 181 1353 quam
201 1304 408 1354 respublica
431 1305 539 1340 armis
559 1317 738 1353 oppressa
769 1310 847 1349 est3
877 1310 913 1341 et
940 1304 1039 1341 idem
1071 1305 1200 1346 victor,
1237 1305 1303 1354 qui

70 1358 198 1395 exules
241 1358 400 1403 reduxit,
446 1358 483 1394 in
526 1363 693 1394 senatum
741 1364 826 1406 post
863 1363 1088 1408 quaesturam
1125 1358 1301 1395 reduetus

70 1420 137 1449 est.
196 1410 315 1453 Quem
334 1411 512 1448 honorem
532 1411 581 1447 ita
614 1412 742 1460 gessit,
782 1410 834 1448 uti
869 1410 957 1447 nihil
990 1424 1062 1447 non
1099 1411 1227 1448 venale
1264 1412 1302 1447 in

71 1479 114 1502 eo
163 1464 347 1509 habuerit,
397 1465 500 1515 cujus
544 1464 678 1513 aliquis
722 1470 866 1514 emptor
911 1465 1037 1501 fuerat.
1107 1464 1164 1500 Ita
1192 1465 1304 1515 igitur

71 1519 160 1569 egit,
181 1517 234 1555 uti
254 1517 342 1554 nihil
362 1532 435 1555 non
466 1531 626 1566 aequum,
659 1531 701 1554 ac
739 1532 864 1554 verum
902 1518 1060 1561 duxerit,
1098 1519 1200 1567 quod
1230 1519 1303 1567 ipsi

70 1572 191 1609 facere
232 1571 481 1608 collibuisset:
523 1584 643 1621 neque
687 1571 791 1608 aliter
824 1572 981 1615 vexavit,
1023 1585 1065 1608 ac
1095 1572 1235 1615 debuit,
1273 1573 1302 1607 si

71 1626 153 1674 quis
173 1625 310 1676 praedae
340 1625 421 1662 loco
442 1625 648 1673 accepisset
676 1625 939 1674 magistratum.
997 1624 1154 1662 Peracta
1183 1639 1305 1685 quaes-

72 1681 178 1716 tura:
209 1683 337 1727 postea
356 1692 469 1728 quam
496 1692 631 1728 magna
649 1679 806 1728 pignora
824 1679 876 1715 eis
913 1679 1074 1718 dederat,
1107 1692 1191 1714 curn
1225 1679 1305 1728 qui-

71 1734 142 1769 bus
179 1731 414 1769 similitudine
447 1732 531 1768 vitae
568 1746 608 1768 se
636 1733 889 1791 conjunxerat,
921 1746 1015 1768 unus
1045 1733 1123 1782 jam
1162 1746 1207 1769 ex
1241 1732 1304 1769 illo

71 1800 185 1833 grege
221 1785 422 1822 videbatur.
511 1785 603 1835 Ejus
637 1786 733 1822 enim
769 1786 881 1834 partis
908 1787 985 1836 jam
1008 1785 1193 1834 exemplar
1225 1793 1303 1822 erat

70 1817 282 1876 Sallustius.
319 1837 393 1887 quo
425 1844 599 1888 tanquam
632 1840 669 1875 in
697 1839 810 1876 imam
844 1839 1054 1887 voraginem
1084 1845 1201 1875 coetus
1229 1853 1305 1875 om-

71 1894 172 1930 nium
202 1892 374 1928 vitiorum
405 1898 635 1928 excesserat:
680 1893 861 1943 quidquid
892 1871 1173 1941 imopudicorum,
1201 1893 1305 1929 cillo-

71 1960 172 1990 num,
192 1945 467 1995 parricidarum,
496 1945 771 1995 sacrilegorum,
790 1946 1009 1990 debitorum,
1028 1946 1095 1981 suit
1132 1946 1170 1982 in
1198 1947 1304 1990 urbe,

73 2000 293 2049 municipiis,
327 1999 494 2039 coloniis,
522 1998 631 2035 Italia
656 2000 758 2045 tot513
797 2000 891 2036 sicut
919 1999 1091 2044 infretis,
1127 2000 1306 2036 subsede-

73 2060 177 2098 rant3
221 2052 379 2089 nominis
400 2052 545 2101 perditi,
571 2066 614 2088 ac
647 2053 840 2096 notissimi,
881 2052 979 2088 nulla
1012 2053 1049 2088 in
1083 2058 1185 2101 parte
1229 2067 1304 2089 cas-

73 2108 137 2143 tris
169 2107 259 2156 apti,
295 2105 362 2142 nisi
391 2105 542 2143 licentia
572 2106 754 2151 vitiorum,
788 2115 823 2144 et
857 2106 1063 2154 cupididate
1090 2119 1213 2142 rerum
1242 2121 1306 2143 no-

73 2174 211 2196 varum.
266 2161 315 2197 At
354 2165 485 2208 postea
509 2157 620 2208 quam
651 2167 789 2208 praetor
818 2160 937 2196 sactus
970 2166 1040 2199 est,
1077 2159 1244 2196 modeste
1265 2174 1303 2196 se

73 2214 188 2261 gessit
219 2220 253 2250 et
299 2211 538 2251 abstinenter.
622 2213 754 2250 Nonne
788 2214 838 2250 ita
874 2213 1099 2262 provinciam
1132 2214 1302 2257 vastavit,

74 2266 125 2302 uti
147 2266 235 2302 nihil
271 2281 390 2317 neque
419 2265 519 2316 passi
540 2265 625 2310 sint,
658 2280 777 2316 neque
808 2265 1035 2315 expect-‘irim
1064 2266 1213 2315 gravius
1250 2280 1307 2302 so—

73 2320 118 2356 cii
138 2320 252 2356 nostri
270 2320 306 2356 in
339 2320 447 2365 bello,
467 2318 578 2369 quzim
597 2321 739 2368 experti
774 2326 858 2356 sunt
895 2321 931 2356 in
967 2332 1070 2369 pace.
1101 2319 1170 2355 hoc
1208 2320 1306 2356 Afri-

73 2387 151 2409 (am
199 2374 408 2411 interiorem
445 2374 660 2410 obtinente?
704 2374 799 2410 unde
844 2379 985 2410 tantum
1018 2372 1076 2408 hic
1124 2373 1307 2419 exhausit,
