1492 2531
390 55 612 95 BELLUM
656 53 1066 94 JUGURTHINUM'.
1299 53 1349 90 73

110 167 208 199 tere:
258 161 358 207 dein,
402 160 465 197 ubi
501 174 585 197 unae
631 165 742 209 atque
785 158 909 195 alterae
948 158 1057 195 scalae
1094 158 1344 201 comminutae,

110 217 177 265 qui
202 220 488 264 supersteterant
513 213 637 250 afflicti
656 218 764 258 sunt3
792 213 932 257 caeteri,
952 224 1029 261 quo
1049 213 1207 262 quisque
1233 211 1345 247 modo

111 268 278 317 potuere,
312 268 421 317 pauci
458 267 603 317 integri,
634 279 770 315 magna.
806 279 892 314 pars
927 266 1085 302 consecti
1116 265 1346 307 vulneribus,

109 322 262 359 abeunt.
327 321 476 358 Deinde
512 321 696 370 utrimque
732 319 902 367 proelium
938 333 1012 355 nox
1049 319 1205 356 diremit.
1267 317 1347 354 Me-

110 373 231 420 tellus,
259 373 456 424 postquam
485 374 584 411 videt
613 371 750 410 frustra
777 373 987 421 inceptum3
1019 386 1140 423 neque
1168 371 1345 421 oppidum

111 427 207 476 capi,
242 442 363 478 neque
399 428 636 478 «Iugurtham,
667 426 738 462 nisi
773 439 820 463 ex
856 426 1015 472 insidiis,
1052 436 1113 463 aut
1144 440 1211 463 suo
1248 425 1345 469 loco,

110 493 276 530 pugnam
294 484 437 528 facere3
466 487 503 518 et
526 480 607 529 jam
634 486 799 517 aestatem
827 486 994 516 exactam
1020 493 1125 526 esse3
1156 482 1202 517 ab
1231 479 1347 516 Zama

109 533 288 582 discedit;
317 542 353 572 et
370 536 407 571 in
427 537 470 573 iis
492 535 660 577 urbibus,
681 548 765 584 quae
796 533 844 569 ad
873 547 955 570 sese
985 533 1208 579 defecerant,
1236 531 1345 571 satis·

110 601 184 636 que
215 589 367 625 munitae
397 589 479 627 loco
508 594 571 624 aut
601 589 782 624 moenibus
820 593 937 631 erant,
969 587 1146 636 praesidia
1177 588 1345 637 imponit.

111 640 299 679 Caeterum
335 643 537 680 exercitum
571 642 607 677 in
650 641 888 690 provinciam,
935 654 1020 689 quae
1065 654 1246 690 proxuma
1291 647 1348 680 est

111 694 319 741 Numidiae,
348 695 546 747 hyemandi
578 694 697 745 gratia
726 694 897 731 collocat.
952 693 1089 743 Neque
1119 694 1159 730 id
1185 700 1346 746 tempus,

111 764 158 787 ex
176 749 329 785 aliorum
355 763 468 793 more,
497 748 629 811 quieti
642 754 703 784 aut
733 747 892 784 luxuriae
921 748 1111 784 concedit:
1147 749 1226 793 sed,
1259 763 1350 798 quo-

110 804 209 840 niam
236 803 346 840 armis
377 803 516 840 bellum
548 815 679 850 parum
710 801 952 851 procedebat,
980 801 1133 838 insidias
1166 803 1244 852 regi
1279 817 1347 853 per

110 857 248 893 amicos
283 857 449 901 tendere,
482 862 519 893 et
550 869 677 892 eorum
714 853 868 905 perfidia
900 869 967 903 pro
1000 856 1108 891 armis
1140 856 1192 891 uti
1207 834 1346 905 z’parab

111 910 232 960 Igitur
266 909 523 953 Bomilcarem,
560 908 623 957 qui
659 908 793 945 Romae
826 921 910 944 cum
941 908 1126 958 Jugurtha
1153 910 1286 957 fuerat,
1313 917 1349 948 et

110 962 196 1000 inde
229 962 339 1007 clam,
359 964 515 1000 vadibus
545 962 652 1003 datis,
682 963 726 998 de
756 962 934 998 Massivae
966 976 1057 999 nece
1084 963 1266 1013 judicium
1294 965 1351 1001 fu-

111 1022 231 1067 gerat,
266 1015 368 1065 quod
396 1017 429 1053 ei
459 1029 525 1066 per
558 1028 769 1051 maxumam
803 1015 1001 1051 amicitiam
1034 1029 1207 1053 maxuma
1244 1019 1352 1068 copia

111 1070 263 1107 fallendi
290 1076 381 1113 erat,
409 1070 534 1106 multis
569 1068 899 1118 pollicitationibus
928 1069 1165 1118 aggreditur:
1203 1085 1245 1108 ac
1278 1072 1350 1121 pri-

113 1121 173 1159 mo
204 1123 328 1166 efficit,
354 1129 395 1160 ut
423 1124 470 1159 ad
502 1136 555 1166 se,
585 1121 823 1171 colloquendi
853 1121 984 1171 gratia,
1013 1122 1178 1159 occultus
1207 1127 1349 1163 veniat:

111 1177 211 1219 dein,
244 1176 316 1213 fide
347 1177 445 1221 data,
476 1177 506 1212 si
538 1175 759 1224 Jugurtham
792 1176 928 1218 vivum,
960 1182 1022 1212 aut
1054 1183 1243 1223 necatum,
1282 1180 1353 1216 sibi

113 1230 337 1274 tradidisset,
367 1231 455 1275 fore,
488 1235 529 1266 ut
546 1228 599 1265 illi
619 1235 768 1265 senatus
796 1228 1054 1278 impunitatem
1075 1235 1109 1265 et
1131 1244 1197 1268 sua
1230 1233 1352 1270 omnia

112 1283 343 1321 concederet.
406 1282 534 1319 Facile
561 1282 739 1318 Numidae
767 1282 979 1330 persuadet,
1008 1280 1093 1318 cum
1120 1283 1280 1346 ingenio·
1300 1287 1353 1322 in-

112 1337 198 1381 fido,
226 1334 305 1372 trun
333 1336 527 1380 metuenti,
554 1334 615 1381 ne,
643 1336 672 1371 si
698 1349 771 1384 pax
799 1349 882 1371 cum
913 1335 1094 1372 Romanis
1125 1336 1242 1382 fieret,
1270 1339 1352 1389 ipse

112 1404 179 1440 per
209 1390 438 1427 conditiones
472 1390 518 1425 ad
552 1388 775 1438 supplicium
810 1389 1030 1426 traderetur.
1098 1390 1150 1441 Is,
1179 1393 1245 1429 ubi
1280 1394 1355 1442 pri-

111 1457 214 1480 mum
250 1450 501 1493 opportunum
536 1443 617 1488 fuit,
651 1441 872 1491 Jugurtham
908 1442 1072 1489 anxium,
1106 1458 1149 1481 ac
1181 1446 1356 1484 miseran-

112 1503 186 1534 tem
232 1496 395 1533 fortunas
443 1510 542 1542 suas,
587 1496 751 1532 accedit:
805 1500 942 1539 monet,
989 1503 1100 1546 atque
1144 1497 1354 1538 lacrumans

113 1551 334 1595 obtestatur,
364 1556 404 1587 ut
432 1549 630 1599 aliquando
667 1549 737 1585 sibi
763 1548 980 1597 liberisque,
1018 1556 1054 1586 et
1083 1552 1185 1601 genti
1218 1552 1353 1591 Numi-

113 1604 241 1640 darum
268 1603 418 1653 optume
453 1603 620 1646 merenti,
648 1603 862 1651 provideat:
903 1603 1074 1640 omnibus
1109 1605 1234 1654 proelis
1272 1621 1354 1645 sese

114 1657 257 1704 victos;
293 1671 423 1707 agrum
455 1662 660 1698 vastatum3
697 1656 832 1693 multos
869 1655 1038 1693 mortalis
1075 1664 1217 1707 captos,
1254 1662 1354 1698 occi-

113 1724 190 1755 sos,
219 1712 324 1762 regni
355 1724 445 1760 opes
473 1710 717 1746 comminutas
745 1724 850 1747 esse:
882 1708 972 1746 satis
1001 1709 1103 1759 saepe
1126 1713 1204 1762 jam
1224 1719 1261 1750 et
1279 1715 1353 1751 vir-

113 1770 230 1801 tutem
276 1764 443 1810 militum,
479 1769 517 1800 et
551 1763 749 1802 fortunam,
786 1768 983 1800 tentatam:
1033 1772 1172 1808 caveat,
1201 1766 1261 1811 ne,
1290 1768 1353 1806 illo

114 1825 309 1862 cuneante,
345 1817 522 1854 Numidae
559 1816 630 1852 sibi
667 1816 873 1853 consulant.
944 1816 1030 1861 His,
1068 1824 1178 1867 atque
1216 1821 1352 1859 talibus

114 1871 209 1916 aliis,
236 1872 284 1908 ad
315 1871 539 1908 deditionem
575 1870 673 1918 regis
707 1872 868 1906 animum
906 1870 1080 1919 impellit,
1150 1871 1354 1912 Mittuntur

114 1924 162 1961 ad
188 1924 449 1974 imperatorem
472 1924 600 1973 legati,
629 1924 691 1973 qui
719 1924 741 1960 J
746 1923 942 1973 ugurtham
967 1924 1146 1973 imperata
1171 1927 1353 1966 facturum

114 1978 295 2024 dicerent,
322 1992 365 2014 ac
394 1978 472 2014 sine
506 1974 582 2013 ulla
608 1977 778 2026 pactione
809 1991 890 2014 sese
918 1991 1147 2027 regnumque
1178 1994 1286 2018 suum
1316 1984 1354 2019 in

114 2031 212 2067 illius
243 2032 355 2069 fidem
385 2031 541 2068 tradere.
606 2030 783 2067 Metellus
802 2030 963 2079 propere
990 2038 1145 2068 cunctos
1179 2038 1352 2074 senatorii

117 2085 255 2122 ordinis
281 2099 327 2123 ex
353 2084 545 2133 hybernis,
574 2084 746 2121 accersiri
768 2085 894 2134 jubet:
935 2098 1077 2131 eorum,
1114 2092 1226 2136 atque
1259 2090 1352 2127 alio.

116 2150 210 2196 rum,
238 2152 332 2188 quos
359 2139 514 2175 idoneos
543 2136 716 2183 ducebat,
744 2136 940 2174 consilium
968 2137 1090 2175 habet.
1155 2140 1226 2183 Ita,
1250 2157 1351 2182 more

117 2190 312 2238 majoram,
341 2206 389 2229 ex
414 2191 559 2228 consilii
585 2192 748 2234 decreto,
788 2204 856 2240 per
881 2190 1026 2240 legatos
1059 2192 1255 2242 Jugurthae
1283 2198 1351 2234 im-

116 2250 221 2293 perat
260 2246 401 2296 argenti
437 2247 559 2295 pondo
597 2246 756 2281 ducenta
793 2244 918 2290 millia,
956 2244 1174 2295 elephantos
1217 2251 1350 2298 omnis

114 2313 309 2349 equorum,
341 2306 378 2338 et
408 2312 592 2337 armorum
624 2299 861 2348 aliquantum.
916 2297 1012 2342 Quae
1041 2299 1240 2350 postquam
1273 2305 1351 2342 sin<

722 2363 746 2387 Ε
