<?xml version="1.0" encoding="UTF-8"?>
<!DOCTYPE html PUBLIC "-//W3C//DTD XHTML 1.0 Transitional//EN"
    "http://www.w3.org/TR/xhtml1/DTD/xhtml1-transitional.dtd">
<html xmlns="http://www.w3.org/1999/xhtml" xml:lang="en" lang="en">
 <head>
  <title>
</title>
<meta http-equiv="Content-Type" content="text/html;charset=utf-8" />
  <meta name='ocr-system' content='tesseract 3.04.00' />
  <meta name='ocr-capabilities' content='ocr_page ocr_carea ocr_par ocr_line ocrx_word'/>
</head>
<body>
  <div class='ocr_page' id='page_1' title='image "./quaeextant00salluoft_0127.png"; bbox 0 0 1492 2531; ppageno 0'>
   <div class='ocr_carea' id='block_1_1' title="bbox 440 423 1055 466">
    <p class='ocr_par' dir='ltr' id='par_1_1' title="bbox 440 423 1055 466">
     <span class='ocr_line' id='line_1_1' title="bbox 440 423 1055 466; baseline 0.002 -2"><span class='ocrx_word' id='word_1_1' title='bbox 440 423 484 465; x_wconf 83' lang='lat' dir='ltr'>C.</span> <span class='ocrx_word' id='word_1_2' title='bbox 515 424 827 466; x_wconf 79' lang='lat' dir='ltr'><strong><em>SALLUSTII</em></strong></span> <span class='ocrx_word' id='word_1_3' title='bbox 854 425 1055 466; x_wconf 84' lang='lat' dir='ltr'><strong><em>CRISPI</em></strong></span> 
     </span>
    </p>
   </div>
   <div class='ocr_carea' id='block_1_2' title="bbox 498 587 997 637">
    <p class='ocr_par' dir='ltr' id='par_1_2' title="bbox 498 587 997 637">
     <span class='ocr_line' id='line_1_2' title="bbox 498 587 997 637; baseline 0.002 -2"><span class='ocrx_word' id='word_1_4' title='bbox 498 587 997 637; x_wconf 87' lang='lat' dir='ltr'>HISTORIARUM</span> 
     </span>
    </p>
   </div>
   <div class='ocr_carea' id='block_1_3' title="bbox 380 758 1114 828">
    <p class='ocr_par' dir='ltr' id='par_1_3' title="bbox 380 758 1114 828">
     <span class='ocr_line' id='line_1_3' title="bbox 380 758 1114 828; baseline 0.003 -4"><span class='ocrx_word' id='word_1_5' title='bbox 380 758 1114 828; x_wconf 85' lang='lat' dir='ltr'><strong>FRAGMENTA.</strong></span> 
     </span>
    </p>
   </div>
   <div class='ocr_carea' id='block_1_4' title="bbox 516 1127 963 1170">
    <p class='ocr_par' dir='ltr' id='par_1_4' title="bbox 516 1127 963 1170">
     <span class='ocr_line' id='line_1_4' title="bbox 516 1127 963 1170; baseline -0.002 0"><span class='ocrx_word' id='word_1_6' title='bbox 516 1129 697 1170; x_wconf 88' lang='lat' dir='ltr'>LIBER</span> <span class='ocrx_word' id='word_1_7' title='bbox 717 1127 963 1170; x_wconf 89' lang='lat' dir='ltr'><strong>PRIMUS.</strong></span> 
     </span>
    </p>
   </div>
   <div class='ocr_carea' id='block_1_5' title="bbox 115 1266 1361 2340">
    <p class='ocr_par' dir='ltr' id='par_1_5' title="bbox 118 1266 1361 1415">
     <span class='ocr_line' id='line_1_5' title="bbox 122 1266 1360 1349; baseline -0.002 -42"><span class='ocrx_word' id='word_1_8' title='bbox 122 1270 266 1349; x_wconf 79' lang='lat' dir='ltr'>RES</span> <span class='ocrx_word' id='word_1_9' title='bbox 294 1269 424 1320; x_wconf 89' lang='lat' dir='ltr'>populi</span> <span class='ocrx_word' id='word_1_10' title='bbox 441 1268 502 1314; x_wconf 65' lang='lat' dir='ltr'>R„</span> <span class='ocrx_word' id='word_1_11' title='bbox 523 1268 578 1306; x_wconf 86' lang='lat' dir='ltr'>M.</span> <span class='ocrx_word' id='word_1_12' title='bbox 598 1268 756 1317; x_wconf 84' lang='lat' dir='ltr'>Lepido,</span> <span class='ocrx_word' id='word_1_13' title='bbox 778 1268 824 1312; x_wconf 88' lang='lat' dir='ltr'>Q.</span> <span class='ocrx_word' id='word_1_14' title='bbox 842 1266 989 1313; x_wconf 82' lang='lat' dir='ltr'>Catulo,</span> <span class='ocrx_word' id='word_1_15' title='bbox 1006 1280 1126 1313; x_wconf 80' lang='lat' dir='ltr'>coss.;</span> <span class='ocrx_word' id='word_1_16' title='bbox 1156 1280 1199 1302; x_wconf 83' lang='lat' dir='ltr'>ac</span> <span class='ocrx_word' id='word_1_17' title='bbox 1224 1266 1360 1304; x_wconf 71' lang='lat' dir='ltr'>deinde</span> 
     </span>
     <span class='ocr_line' id='line_1_6' title="bbox 206 1320 1361 1372; baseline -0.001 -13"><span class='ocrx_word' id='word_1_18' title='bbox 206 1324 358 1361; x_wconf 69' lang='lat' dir='ltr'>,militiae</span> <span class='ocrx_word' id='word_1_19' title='bbox 378 1329 414 1360; x_wconf 89' lang='lat' dir='ltr'>et</span> <span class='ocrx_word' id='word_1_20' title='bbox 433 1321 533 1360; x_wconf 81' lang='lat' dir='ltr'>domi</span> <span class='ocrx_word' id='word_1_21' title='bbox 553 1329 678 1372; x_wconf 85' lang='lat' dir='ltr'>gestas</span> <span class='ocrx_word' id='word_1_22' title='bbox 699 1321 902 1371; x_wconf 87' lang='lat' dir='ltr'>composui.</span> <span class='ocrx_word' id='word_1_23' title='bbox 954 1320 1135 1357; x_wconf 80' lang='lat' dir='ltr'><em>Donatus</em></span> <span class='ocrx_word' id='word_1_24' title='bbox 1164 1324 1199 1356; x_wconf 77' lang='lat' dir='ltr'>et</span> <span class='ocrx_word' id='word_1_25' title='bbox 1224 1320 1361 1371; x_wconf 81' lang='lat' dir='ltr'>Pomp.</span> 
     </span>
     <span class='ocr_line' id='line_1_7' title="bbox 118 1377 354 1415; baseline 0 0"><span class='ocrx_word' id='word_1_26' title='bbox 118 1377 354 1415; x_wconf 75' lang='lat' dir='ltr'><em>Messalinus.</em></span> 
     </span>
    </p>

    <p class='ocr_par' dir='ltr' id='par_1_6' title="bbox 119 1426 1360 1522">
     <span class='ocr_line' id='line_1_8' title="bbox 173 1426 1360 1478; baseline -0.003 -9"><span class='ocrx_word' id='word_1_27' title='bbox 173 1432 279 1476; x_wconf 83' lang='lat' dir='ltr'>Cato,</span> <span class='ocrx_word' id='word_1_28' title='bbox 298 1430 459 1468; x_wconf 80' lang='lat' dir='ltr'>Romani</span> <span class='ocrx_word' id='word_1_29' title='bbox 478 1429 622 1478; x_wconf 81' lang='lat' dir='ltr'>generis</span> <span class='ocrx_word' id='word_1_30' title='bbox 643 1429 956 1473; x_wconf 79' lang='lat' dir='ltr'>dissertissumus,</span> <span class='ocrx_word' id='word_1_31' title='bbox 986 1427 1104 1464; x_wconf 82' lang='lat' dir='ltr'>multa</span> <span class='ocrx_word' id='word_1_32' title='bbox 1131 1426 1262 1477; x_wconf 86' lang='lat' dir='ltr'>paucis</span> <span class='ocrx_word' id='word_1_33' title='bbox 1293 1428 1360 1465; x_wconf 84' lang='lat' dir='ltr'>ab·</span> 
     </span>
     <span class='ocr_line' id='line_1_9' title="bbox 119 1481 656 1522; baseline -0.006 0"><span class='ocrx_word' id='word_1_34' title='bbox 119 1485 237 1522; x_wconf 87' lang='lat' dir='ltr'>solvit.</span> <span class='ocrx_word' id='word_1_35' title='bbox 295 1483 448 1521; x_wconf 77' lang='lat' dir='ltr'>Servius</span> <span class='ocrx_word' id='word_1_36' title='bbox 466 1487 502 1519; x_wconf 78' lang='lat' dir='ltr'>et</span> <span class='ocrx_word' id='word_1_37' title='bbox 515 1481 656 1520; x_wconf 80' lang='lat' dir='ltr'>Acron.</span> 
     </span>
    </p>

    <p class='ocr_par' dir='ltr' id='par_1_7' title="bbox 173 1535 739 1575">
     <span class='ocr_line' id='line_1_10' title="bbox 173 1535 739 1575; baseline -0.002 0"><span class='ocrx_word' id='word_1_38' title='bbox 173 1538 337 1575; x_wconf 83' lang='lat' dir='ltr'>Fannius</span> <span class='ocrx_word' id='word_1_39' title='bbox 352 1536 450 1575; x_wconf 71' lang='lat' dir='ltr'>vere.</span> <span class='ocrx_word' id='word_1_40' title='bbox 512 1535 739 1575; x_wconf 66' lang='lat' dir='ltr'>Victorinus.</span> 
     </span>
    </p>

    <p class='ocr_par' dir='ltr' id='par_1_8' title="bbox 116 1588 1357 1683">
     <span class='ocr_line' id='line_1_11' title="bbox 169 1588 1357 1640; baseline -0.005 -10"><span class='ocrx_word' id='word_1_41' title='bbox 169 1592 256 1630; x_wconf 84' lang='lat' dir='ltr'>Nos</span> <span class='ocrx_word' id='word_1_42' title='bbox 295 1592 333 1627; x_wconf 91' lang='lat' dir='ltr'>in</span> <span class='ocrx_word' id='word_1_43' title='bbox 374 1590 478 1628; x_wconf 58' lang='lat' dir='ltr'>tant&amp;</span> <span class='ocrx_word' id='word_1_44' title='bbox 508 1590 819 1627; x_wconf 83' lang='lat' dir='ltr'>doctissumorum</span> <span class='ocrx_word' id='word_1_45' title='bbox 855 1589 1046 1626; x_wconf 87' lang='lat' dir='ltr'>hominum</span> <span class='ocrx_word' id='word_1_46' title='bbox 1076 1590 1197 1640; x_wconf 65' lang='lat' dir='ltr'>copifi.</span> <span class='ocrx_word' id='word_1_47' title='bbox 1273 1588 1357 1624; x_wconf 81' lang='lat' dir='ltr'>Ser—</span> 
     </span>
     <span class='ocr_line' id='line_1_12' title="bbox 116 1645 209 1683; baseline -0.011 0"><span class='ocrx_word' id='word_1_48' title='bbox 116 1645 209 1683; x_wconf 80' lang='lat' dir='ltr'>vius.</span> 
     </span>
    </p>

    <p class='ocr_par' dir='ltr' id='par_1_9' title="bbox 117 1695 1358 1790">
     <span class='ocr_line' id='line_1_13' title="bbox 171 1695 1358 1748; baseline -0.003 -13"><span class='ocrx_word' id='word_1_49' title='bbox 171 1700 307 1748; x_wconf 82' lang='lat' dir='ltr'>Neque</span> <span class='ocrx_word' id='word_1_50' title='bbox 325 1712 384 1734; x_wconf 88' lang='lat' dir='ltr'>me</span> <span class='ocrx_word' id='word_1_51' title='bbox 404 1698 549 1735; x_wconf 86' lang='lat' dir='ltr'>diversa</span> <span class='ocrx_word' id='word_1_52' title='bbox 575 1710 660 1746; x_wconf 82' lang='lat' dir='ltr'>pars</span> <span class='ocrx_word' id='word_1_53' title='bbox 685 1696 722 1732; x_wconf 88' lang='lat' dir='ltr'>in</span> <span class='ocrx_word' id='word_1_54' title='bbox 742 1695 911 1733; x_wconf 87' lang='lat' dir='ltr'>civilibus</span> <span class='ocrx_word' id='word_1_55' title='bbox 931 1696 1042 1733; x_wconf 83' lang='lat' dir='ltr'>armis</span> <span class='ocrx_word' id='word_1_56' title='bbox 1062 1697 1177 1734; x_wconf 86' lang='lat' dir='ltr'>movit</span> <span class='ocrx_word' id='word_1_57' title='bbox 1202 1695 1226 1733; x_wconf 68' lang='grc' dir='ltr'>εἰ</span> <span class='ocrx_word' id='word_1_58' title='bbox 1256 1709 1358 1733; x_wconf 86' lang='lat' dir='ltr'>vero.</span> 
     </span>
     <span class='ocr_line' id='line_1_14' title="bbox 117 1752 344 1790; baseline -0.009 0"><span class='ocrx_word' id='word_1_59' title='bbox 117 1752 344 1790; x_wconf 71' lang='lat' dir='ltr'>Arusianus.</span> 
     </span>
    </p>

    <p class='ocr_par' dir='ltr' id='par_1_10' title="bbox 115 1802 1359 1961">
     <span class='ocr_line' id='line_1_15' title="bbox 171 1802 1359 1855; baseline -0.003 -11"><span class='ocrx_word' id='word_1_60' title='bbox 171 1805 296 1843; x_wconf 88' lang='lat' dir='ltr'>Nobis</span> <span class='ocrx_word' id='word_1_61' title='bbox 316 1803 443 1855; x_wconf 86' lang='lat' dir='ltr'>primae</span> <span class='ocrx_word' id='word_1_62' title='bbox 461 1805 708 1841; x_wconf 84' lang='lat' dir='ltr'>dissensiones</span> <span class='ocrx_word' id='word_1_63' title='bbox 728 1803 814 1841; x_wconf 79' lang='lat' dir='ltr'>vitio</span> <span class='ocrx_word' id='word_1_64' title='bbox 842 1803 992 1840; x_wconf 83' lang='lat' dir='ltr'>humani</span> <span class='ocrx_word' id='word_1_65' title='bbox 1010 1803 1148 1853; x_wconf 74' lang='lat' dir='ltr'>ingenii</span> <span class='ocrx_word' id='word_1_66' title='bbox 1174 1802 1331 1842; x_wconf 66' lang='lat' dir='ltr'>evenere</span> <span class='ocrx_word' id='word_1_67' title='bbox 1349 1818 1359 1849; x_wconf 92' lang='grc'><strong>;</strong></span> 
     </span>
     <span class='ocr_line' id='line_1_16' title="bbox 117 1857 1354 1912; baseline -0.003 -15"><span class='ocrx_word' id='word_1_68' title='bbox 117 1861 218 1912; x_wconf 89' lang='lat' dir='ltr'>quod</span> <span class='ocrx_word' id='word_1_69' title='bbox 252 1859 412 1909; x_wconf 86' lang='lat' dir='ltr'>inquies,</span> <span class='ocrx_word' id='word_1_70' title='bbox 453 1865 565 1908; x_wconf 84' lang='lat' dir='ltr'>atque</span> <span class='ocrx_word' id='word_1_71' title='bbox 604 1858 833 1904; x_wconf 84' lang='lat' dir='ltr'>indomitum,</span> <span class='ocrx_word' id='word_1_72' title='bbox 878 1871 1027 1907; x_wconf 87' lang='lat' dir='ltr'>semper</span> <span class='ocrx_word' id='word_1_73' title='bbox 1077 1858 1115 1894; x_wconf 91' lang='lat' dir='ltr'>in</span> <span class='ocrx_word' id='word_1_74' title='bbox 1156 1857 1354 1895; x_wconf 83' lang='lat' dir='ltr'>certamine</span> 
     </span>
     <span class='ocr_line' id='line_1_17' title="bbox 115 1911 1357 1961; baseline -0.005 -9"><span class='ocrx_word' id='word_1_75' title='bbox 115 1912 310 1957; x_wconf 81' lang='lat' dir='ltr'>libertatis,</span> <span class='ocrx_word' id='word_1_76' title='bbox 343 1919 406 1949; x_wconf 87' lang='lat' dir='ltr'>aut</span> <span class='ocrx_word' id='word_1_77' title='bbox 424 1911 564 1961; x_wconf 79' lang='lat' dir='ltr'>gloriae,</span> <span class='ocrx_word' id='word_1_78' title='bbox 599 1917 662 1948; x_wconf 82' lang='lat' dir='ltr'>aut</span> <span class='ocrx_word' id='word_1_79' title='bbox 680 1911 939 1949; x_wconf 75' lang='lat' dir='ltr'>dominationis</span> <span class='ocrx_word' id='word_1_80' title='bbox 958 1911 1047 1960; x_wconf 81' lang='lat' dir='ltr'>agit.</span> <span class='ocrx_word' id='word_1_81' title='bbox 1116 1911 1357 1948; x_wconf 80' lang='lat' dir='ltr'>Priscianus.</span> 
     </span>
    </p>

    <p class='ocr_par' dir='ltr' id='par_1_11' title="bbox 115 1964 1353 2060">
     <span class='ocr_line' id='line_1_18' title="bbox 168 1964 1353 2016; baseline -0.002 -11"><span class='ocrx_word' id='word_1_82' title='bbox 168 1969 269 2005; x_wconf 83' lang='lat' dir='ltr'>Nam</span> <span class='ocrx_word' id='word_1_83' title='bbox 290 1966 314 2005; x_wconf 70' lang='grc' dir='ltr'>εὶ</span> <span class='ocrx_word' id='word_1_84' title='bbox 330 1966 528 2016; x_wconf 82' lang='lat' dir='ltr'>primordio</span> <span class='ocrx_word' id='word_1_85' title='bbox 547 1966 649 2003; x_wconf 90' lang='lat' dir='ltr'>urbis</span> <span class='ocrx_word' id='word_1_86' title='bbox 669 1965 717 2001; x_wconf 80' lang='lat' dir='ltr'>ad</span> <span class='ocrx_word' id='word_1_87' title='bbox 745 1965 888 2002; x_wconf 87' lang='lat' dir='ltr'>bellum</span> <span class='ocrx_word' id='word_1_88' title='bbox 917 1964 1025 2002; x_wconf 89' lang='lat' dir='ltr'>Persi</span> <span class='ocrx_word' id='word_1_89' title='bbox 1049 1964 1353 2003; x_wconf 82' lang='lat' dir='ltr'>Macedonicum.</span> 
     </span>
     <span class='ocr_line' id='line_1_19' title="bbox 115 2021 230 2060; baseline 0.009 -2"><span class='ocrx_word' id='word_1_90' title='bbox 115 2021 230 2060; x_wconf 83' lang='lat' dir='ltr'>Idem.</span> 
     </span>
    </p>

    <p class='ocr_par' dir='ltr' id='par_1_12' title="bbox 115 2070 1356 2340">
     <span class='ocr_line' id='line_1_20' title="bbox 168 2070 1356 2123; baseline -0.004 -12"><span class='ocrx_word' id='word_1_91' title='bbox 168 2076 245 2113; x_wconf 87' lang='lat' dir='ltr'>Res</span> <span class='ocrx_word' id='word_1_92' title='bbox 276 2075 446 2113; x_wconf 82' lang='lat' dir='ltr'>Romana</span> <span class='ocrx_word' id='word_1_93' title='bbox 480 2073 679 2123; x_wconf 75' lang='lat' dir='ltr'>plurimum</span> <span class='ocrx_word' id='word_1_94' title='bbox 714 2073 867 2122; x_wconf 81' lang='lat' dir='ltr'>imperio</span> <span class='ocrx_word' id='word_1_95' title='bbox 904 2072 1033 2118; x_wconf 80' lang='lat' dir='ltr'>valuit,</span> <span class='ocrx_word' id='word_1_96' title='bbox 1071 2074 1151 2110; x_wconf 89' lang='lat' dir='ltr'>Ser.</span> <span class='ocrx_word' id='word_1_97' title='bbox 1193 2070 1356 2120; x_wconf 86' lang='lat' dir='ltr'>Sulpitio</span> 
     </span>
     <span class='ocr_line' id='line_1_21' title="bbox 116 2126 1353 2174; baseline -0.005 -9"><span class='ocrx_word' id='word_1_98' title='bbox 116 2135 153 2165; x_wconf 89' lang='lat' dir='ltr'>et</span> <span class='ocrx_word' id='word_1_99' title='bbox 184 2129 238 2167; x_wconf 92' lang='lat' dir='ltr'>M.</span> <span class='ocrx_word' id='word_1_100' title='bbox 272 2130 452 2167; x_wconf 81' lang='lat' dir='ltr'>Marcello</span> <span class='ocrx_word' id='word_1_101' title='bbox 489 2141 605 2174; x_wconf 85' lang='lat' dir='ltr'>coss.;</span> <span class='ocrx_word' id='word_1_102' title='bbox 643 2128 741 2164; x_wconf 87' lang='lat' dir='ltr'>omni</span> <span class='ocrx_word' id='word_1_103' title='bbox 775 2126 900 2163; x_wconf 60' lang='lat' dir='ltr'>Gallia</span> <span class='ocrx_word' id='word_1_104' title='bbox 931 2127 983 2163; x_wconf 86' lang='lat' dir='ltr'>cis</span> <span class='ocrx_word' id='word_1_105' title='bbox 1015 2127 1204 2172; x_wconf 87' lang='lat' dir='ltr'>Rhenum,</span> <span class='ocrx_word' id='word_1_106' title='bbox 1241 2131 1353 2174; x_wconf 83' lang='lat' dir='ltr'>atque</span> 
     </span>
     <span class='ocr_line' id='line_1_22' title="bbox 116 2177 1355 2231; baseline -0.003 -14"><span class='ocrx_word' id='word_1_107' title='bbox 116 2185 210 2218; x_wconf 80' lang='lat' dir='ltr'>inter</span> <span class='ocrx_word' id='word_1_108' title='bbox 238 2197 337 2221; x_wconf 86' lang='lat' dir='ltr'>mare</span> <span class='ocrx_word' id='word_1_109' title='bbox 368 2191 533 2221; x_wconf 84' lang='lat' dir='ltr'>nostrum</span> <span class='ocrx_word' id='word_1_110' title='bbox 563 2188 673 2231; x_wconf 83' lang='lat' dir='ltr'>atque</span> <span class='ocrx_word' id='word_1_111' title='bbox 705 2182 912 2226; x_wconf 83' lang='lat' dir='ltr'>Oceanum,</span> <span class='ocrx_word' id='word_1_112' title='bbox 941 2180 1012 2217; x_wconf 84' lang='lat' dir='ltr'>nisi</span> <span class='ocrx_word' id='word_1_113' title='bbox 1043 2194 1127 2230; x_wconf 84' lang='lat' dir='ltr'>quae</span> <span class='ocrx_word' id='word_1_114' title='bbox 1159 2179 1181 2216; x_wconf 70' lang='grc' dir='ltr'>εὶ</span> <span class='ocrx_word' id='word_1_115' title='bbox 1212 2177 1355 2229; x_wconf 85' lang='lat' dir='ltr'>paludi-</span> 
     </span>
     <span class='ocr_line' id='line_1_23' title="bbox 116 2234 1355 2287; baseline -0.005 -15"><span class='ocrx_word' id='word_1_116' title='bbox 116 2237 186 2272; x_wconf 86' lang='lat' dir='ltr'>bus</span> <span class='ocrx_word' id='word_1_117' title='bbox 224 2237 322 2275; x_wconf 79' lang='lat' dir='ltr'>invia</span> <span class='ocrx_word' id='word_1_118' title='bbox 352 2238 433 2282; x_wconf 82' lang='lat' dir='ltr'>fuit,</span> <span class='ocrx_word' id='word_1_119' title='bbox 468 2235 687 2287; x_wconf 52' lang='lat' dir='ltr'>perdomita.</span> <span class='ocrx_word' id='word_1_120' title='bbox 741 2235 914 2284; x_wconf 82' lang='lat' dir='ltr'>Optumis</span> <span class='ocrx_word' id='word_1_121' title='bbox 952 2239 1079 2271; x_wconf 84' lang='lat' dir='ltr'>autem</span> <span class='ocrx_word' id='word_1_122' title='bbox 1113 2234 1282 2272; x_wconf 86' lang='lat' dir='ltr'>moribus</span> <span class='ocrx_word' id='word_1_123' title='bbox 1318 2236 1355 2266; x_wconf 87' lang='lat' dir='ltr'>et</span> 
     </span>
     <span class='ocr_line' id='line_1_24' title="bbox 115 2286 1356 2340; baseline -0.005 -15"><span class='ocrx_word' id='word_1_124' title='bbox 115 2290 277 2328; x_wconf 60' lang='lat' dir='ltr'>maxima</span> <span class='ocrx_word' id='word_1_125' title='bbox 304 2291 501 2328; x_wconf 52' lang='lat' dir='ltr'>concordia}</span> <span class='ocrx_word' id='word_1_126' title='bbox 526 2289 603 2340; x_wconf 87' lang='lat' dir='ltr'>egit</span> <span class='ocrx_word' id='word_1_127' title='bbox 624 2289 784 2340; x_wconf 74' lang='lat' dir='ltr'>populus</span> <span class='ocrx_word' id='word_1_128' title='bbox 808 2289 1003 2326; x_wconf 81' lang='lat' dir='ltr'>Romanus</span> <span class='ocrx_word' id='word_1_129' title='bbox 1032 2287 1128 2326; x_wconf 78' lang='lat' dir='ltr'>inter</span> <span class='ocrx_word' id='word_1_130' title='bbox 1153 2286 1356 2326; x_wconf 86' lang='lat' dir='ltr'>secundum</span> 
     </span>
    </p>
   </div>
   <div class='ocr_carea' id='block_1_6' title="bbox 693 2343 765 2381">
    <p class='ocr_par' dir='ltr' id='par_1_13' title="bbox 693 2343 765 2381">
     <span class='ocr_line' id='line_1_25' title="bbox 693 2343 765 2381; baseline 0 0"><span class='ocrx_word' id='word_1_131' title='bbox 693 2343 765 2381; x_wconf 68' lang='lat' dir='ltr'>F2</span> 
     </span>
    </p>
   </div>
  </div>
 </body>
</html>
