1492 2531
125 124 185 173 10‘
514 140 518 143 -
589 132 862 173 SALLUSTII

127 237 232 289 peria
261 251 363 275 saeva
396 236 512 273 multa
548 236 657 274 antea
689 250 903 287 perpeSSOS.
972 237 1055 275 Nos
1088 251 1169 276 eam
1203 252 1278 275 rem
1307 237 1349 275 iri

131 291 253 329 medio
271 290 523 340 relinquimus.
575 290 635 328 De
661 291 840 341 superiori
870 291 1119 342 conjuratione
1151 290 1244 330 satis
1271 292 1349 329 dic-

131 351 224 383 tum.

187 397 356 443 Catilina,
385 396 449 433 ubi
475 409 550 441 eos,
582 410 675 446 quos
699 395 812 446 paulo
847 395 932 433 ante
963 398 1177 444 memoravi,
1217 410 1349 435 conve-

132 452 230 489 nisse
265 451 387 496 videt3
424 449 570 486 tametsi
599 463 682 487 eum
724 449 877 500 singulis
914 450 1030 488 multa
1065 451 1166 501 saepe
1199 457 1348 502 egerat3

133 510 268 549 tamen,
295 505 332 541 in
359 517 436 540 rem
454 502 531 540 fore
557 504 709 540 credens
728 504 919 540 universos
944 504 1132 554 appellare
1160 510 1195 542 et
1223 504 1350 542 cohor-

134 558 215 604 tari,
242 558 277 595 in
306 557 467 593 abdjtam
495 562 636 606 partem
661 557 798 593 aedium
830 558 1002 594 secessit:
1032 564 1141 607 atque
1172 558 1238 604 ibi,
1271 571 1349 595 om-

134 611 242 648 nibus
287 610 430 647 arbitris
481 609 610 660 procul
655 610 797 657 amotis,
855 611 1054 648 orationem
1099 610 1351 662 hujuscemodi

135 664 263 701 habuit
280 676 287 697 ε

190 716 248 753 Nz⁴
282 715 402 753 virtus
421 715 589 766 fidesque
618 721 746 754 vestra
776 715 872 753 satis
890 721 1063 766 spectata
1088 716 1185 754 mihi
1206 717 1353 767 forent,

137 770 379 830 nequicquam
406 774 615 820 opportuna
641 784 702 807 res
720 769 936 814 ceciclisset;
962 783 1045 820 spes
1066 784 1211 821 magna
1234 769 1352 808 domi-

138 824 308 861 nationis
339 823 381 860 in
415 823 584 860 manibus
605 825 761 874 frustra
783 823 945 873 fuisset,-
986 838 1114 875 neque,
1145 837 1216 875 per
1245 824 1356 873 igna-

138 877 255 923 viam,
283 882 351 914 aut
379 890 480 916 vana
520 877 687 928 ingenia,
727 877 873 913 incerta
904 890 975 927 pro
1002 877 1114 914 certis
1147 882 1356 936 captarem..

139 931 227 976 Sed,
261 931 349 981 quia
378 930 506 969 multis
535 935 570 967 et
594 930 757 994 magnis
795 930 1075 980 tempestatibus
1103 944 1168 968 vos
1199 930 1356 981 cognovi

130 983 423 1035 fortesfidosque
438 983 544 1028 milii,
569 982 608 1021 eb
629 984 777 1021 (mimus
793 997 908 1021 ausus
932 989 986 1021 est
1011 998 1223 1021 maxumum
1250 987 1358 1034 atque

139 1036 433 1088 pulcherrimum
444 1037 602 1088 facinus
621 1037 786 1088 incipere
797 1051 811 1082 ;
829 1036 955 1081 simul,
987 1037 1079 1088 quia
1095 1036 1200 1074 vobis
1217 1036 1357 1081 eadem,

140 1105 219 1142 quae
254 1090 349 1128 mihi
385 1092 479 1129 bona
527 1090 693 1141 malaque
742 1104 817 1128 esse
862 1089 1037 1128 intellexi.
1107 1091 1224 1134 Nam,
1259 1090 1359 1127 idem

140 1144 243 1190 velle,
281 1149 384 1195 atque
416 1145 513 1181 idem
544 1145 652 1188 nolle,
696 1158 740 1181 ea
774 1142 919 1181 demum
938 1145 1060 1195 firma
1091 1143 1266 1181 amicitia
1295 1148 1357 1180 est.

144 1198 221 1235 Sed
251 1210 331 1247 eg0,
361 1212 437 1251 quae
463 1202 581 1234 mente
611 1196 776 1248 agitavi,
807 1210 930 1234 omnes
954 1197 1044 1248 jam
1076 1196 1186 1234 antec)
1219 1195 1360 1234 diversi

143 1250 355 1289 audivistis.
415 1249 599 1288 Caeterimz
626 1250 721 1288 milii
753 1249 876 1287 indies
903 1250 1029 1302 magis
1056 1251 1203 1289 animus
1235 1263 1361 1287 aceen-

141 1305 257 1350 ditur,
286 1302 370 1341 ciem
394 1304 582 1342 considero
619 1318 700 1355 quae
725 1303 888 1341 conditio
916 1304 1000 1342 vitoe
1024 1305 1165 1355 futura
1198 1303 1259 1348 sit,
1284 1302 1361 1340 nisi

147 1362 288 1395 nosmet
307 1357 405 1408 ipsos
422 1358 658 1396 vindicamus
685 1357 724 1395 in
752 1356 973 1394 libertatem.
1031 1357 1149 1402 Nam,
1169 1361 1362 1408 postquam

149 1409 360 1461 respublica
390 1412 432 1449 in
459 1425 669 1462 paucorum
698 1410 910 1462 potentiam
943 1411 1013 1462 jus
1045 1415 1150 1462 atque
1182 1409 1362 1447 ditionem

151 1465 353 1512 concessit;
392 1478 533 1515 semper
564 1464 640 1501 illis
667 1477 787 1513 reges,
815 1464 1016 1501 tetrarcha?
1038 1463 1242 1516 vectigales
1266 1476 1364 1508 esse,-

141 1517 285 1569 populi,
313 1518 496 1562 nationes,
528 1517 719 1568 stipendia
744 1517 925 1567 penclere;
957 1517 1081 1555 caeteri
1114 1530 1248 1562 omnes,
1266 1520 1361 1553 stre-

147 1572 225 1617 nui,
255 1569 353 1616 bom‘,
385 1572 524 1609 nobiles
560 1576 664 1622 atque
696 1569 891 1621 ignobiles,
921 1571 1056 1620 vulgus
1078 1569 1252 1621 fuimus‚·
1283 1568 1363 1606 sine

143 1624 294 1676 gratia,
309 1625 387 1663 sine
408 1624 648 1666 auctoritate,
672 1623 732 1661 his
750 1623 908 1667 obnoxii,
934 1625 1071 1685 quibus,
1100 1626 1133 1661 si
1154 1621 1365 1674 respublica

145 1679 298 1723 valeret,
320 1678 526 1729 j01mzdini
551 1691 720 1715 essemus.
773 1677 904 1728 Itaque
923 1679 1038 1715 omnis
1061 1677 1212 1728 gvatia,
1233 1680 1364 1726 poten-

148 1734 219 1778 tia,
239 1731 365 1776 honos,
395 1731 550 1776 (livitiae,
577 1731 676 1781 apud
699 1730 781 1768 illos
808 1735 907 1775 sunt,
936 1736 1003 1768 aut
1026 1731 1091 1769 ubi
1122 1730 1183 1768 illi
1212 1729 1364 1774 volunt,
1358 1743 1368 1750 ·

145 1786 250 1823 nobis
285 1786 510 1837 reliquerunt
534 1784 724 1835 pericula,
757 1785 939 1832 repulsas,
957 1784 1125 1834 judicia,
1153 1797 1231 1833 ege
1226 1786 1365 1820 tatem.

148 1839 239 1885 Quae
254 1852 429 1899 quousque
449 1839 594 1875 tandem
608 1836 823 1888 patiemini,
834 1836 1054 1887 fortissumi
1077 1837 1175 1875 viri.
1171 1839 1185 1865 7
1232 1835 1365 1873 Nonne

148 1906 262 1930 emori
287 1905 356 1942 per
376 1892 550 1930 vzrtutem
576 1895 743 1940 proestat,
776 1889 884 1940 quam
907 1890 1026 1927 vitam
1051 1893 1229 1929 mise-ram
1258 1893 1366 1940 atque

146 1946 397 1989 inhonestam,
417 1945 480 1982 ubi
498 1944 628 1982 ulienae
647 1942 829 1995 snperbiae
862 1943 1026 1982 ludibrio
1044 1944 1186 1994 fueris,
1211 1955 1283 1993 per
1309 1943 1368 1980 de-

148 2000 259 2037 decus
283 1999 487 2037 amittere?
537 1997 671 2035 Verum
694 2011 888 2043 emmvero,
915 1997 1013 2048 proh
1039 1997 1148 2036 deum
1177 2001 1280 2046 atque
1307 1994 1367 2032 Ῐιο-

145 2052 287 2090 minum
305 2052 452 2102 fidem!
487 2050 649 2088 victoria
679 2050 720 2088 in
751 2064 865 2087 manu
890 2051 995 2088 nobis
1014 2056 1093 2096 est;
1122 2050 1222 2101 viget
1251 2051 1368 2095 aetas;

146 2106 291 2144 animus
327 2106 446 2143 valet.-
485 2102 615 2142 contra
643 2103 733 2148 illis,
776 2103 887 2141 anuis
921 2109 1022 2155 atque
1055 2103 1211 2148 divitiis,
1242 2101 1369 2139 omnia

148 2165 417 2197 consenuerunt.
485 2155 756 2194 Tantummodo
800 2157 945 2208 incepto
976 2171 1067 2208 opus
1102 2162 1184 2202 est;
1230 2159 1368 2194 caetera

146 2227 203 2251 res
222 2212 398 2262 expediet.
462 2210 617 2248 Etenim
647 2210 727 2261 quis
755 2211 985 2254 mortalium,
1006 2211 1067 2247 cui
1083 2210 1194 2249 virile
1219 2207 1369 2259 ingeni-

146 2279 208 2303 um
226 2271 292 2312 est,
323 2265 484 2302 tolerare
503 2268 634 2314 potest,
664 2262 741 2300 illis
765 2263 926 2301 divitias
951 2277 1141 2314 superare,
1165 2275 1254 2314 quas
1279 2274 1353 2312 pro

135 2321 302 2370 fundant
334 2319 374 2356 in
415 2317 610 2355 extruendo
652 2316 763 2361 mari,
808 2322 844 2353 et
882 2318 1069 2355 montibus
1112 2313 1346 2375 coaequandis

146 2373 252 2412 nobis
277 2387 352 2411 rem
370 2371 615 2423 familiarem
643 2369 758 2408 etiam
789 2371 840 2408 ad
870 2371 1083 2409 necessaria
1104 2370 1255 2409 deesse?
1282 2367 1370 2408 illos
