1492 2531
133 133 180 170 14
307 139 310 142 ’
484 169 488 172 ,
607 125 885 171 SALLUSTII

132 236 223 273 alios
251 236 288 273 in
316 234 389 273 alia
415 234 499 273 loca
527 241 748 285 opportuna,
781 236 842 285 qui
873 234 1013 272 initium
1044 234 1133 274 belli
1164 236 1353 283 facerent3

133 304 245 340 seque
276 291 324 327 ad
344 289 546 327 exercitum
574 289 760 338 proficisci
792 302 943 338 cupere,
965 290 995 325 si
1014 289 1117 339 prius
1139 290 1355 329 Ciceronem

133 344 404 394 oppressisset:
434 356 519 379 eum
548 342 623 378 suis
649 342 810 379 consiliis
829 342 985 378 multum
1014 343 1171 381 officere.
1222 345 1356 395 Igitur,

133 397 332 446 perterritis
365 409 408 433 ac
443 395 695 432 dubitantibus
732 395 890 439 caeteris,
921 396 963 433 C.
997 396 1205 441 Cornelius,
1241 411 1355 447 eques

132 450 338 498 Romanus,
375 462 524 499 operam
559 462 663 486 suam
698 448 897 497 pollicitus,
932 456 968 485 et
999 462 1082 485 cum
1109 464 1152 486 eo
1190 450 1233 488 L.
1261 452 1357 489 Var-

131 503 309 554 gunteius
333 509 492 546 senator,
529 501 751 539 constituere
782 501 827 539 ea
857 507 964 539 nocte
993 502 1102 551 paulo
1138 500 1237 552 post,
1272 518 1356 541 cum

131 558 281 595 armatis
315 556 540 600 hominibus,
577 555 684 592 sicuti
721 554 931 599 salutatum,
962 555 1109 593 introire
1133 557 1181 593 ad
1211 557 1357 595 Cicero—

133 624 228 658 nem,
264 617 301 649 et
339 612 384 648 de
420 608 618 658 improviso
652 608 751 645 domi
781 622 859 645 suae
891 609 1110 658 imparatum
1146 610 1354 648 confodere.

132 665 280 711 Curius,
308 665 372 702 ubi
400 662 572 712 intelligit
601 668 779 711 quantum
807 662 1015 712 periculum
1046 663 1190 700 consuli
1215 663 1356 713 impen-

133 717 233 762 deat,
258 717 416 768 propere
435 730 501 765 per
519 715 688 752 Fulviam
709 715 880 752 Ciceroni
906 716 1045 761 dolum,
1065 717 1127 766 qui
1146 717 1357 766 parabatur,

132 772 323 809 enunciat:
353 772 404 809 ita
433 769 499 813 illi,
525 769 642 819 janua
666 768 854 818 prohibiti,
886 774 1026 806 tantum
1051 769 1194 806 facinus
1223 770 1360 807 frustra

131 830 382 875 susceperant.
416 825 565 862 Interea
582 822 745 859 Manlius
760 822 797 858 in
815 821 965 859 Etruria
982 823 1128 872 plebem
1147 822 1360 870 sollicitare,

131 884 298 928 egestate
331 877 454 923 simul,
490 890 533 913 ac
562 875 687 913 dolore
714 875 870 926 injuriae,
898 889 1077 913 novarum
1104 890 1227 913 rerum
1255 878 1360 926 cupi-

133 931 240 978 dam;
268 930 383 982 quod,
418 929 534 968 Sullae
571 929 834 973 dominatione,
879 942 989 979 agros
1033 932 1205 980 bonaque
1237 931 1360 968 omnia

132 985 304 1023 amiserat
316 1000 325 1031 3
367 982 564 1035 praeterea,
600 982 763 1019 latrones
793 983 970 1032 cujusque
1006 983 1167 1033 generis,
1202 997 1360 1033 quorum

132 1039 168 1075 in
188 1039 234 1076 ea
250 1039 401 1089 regione
421 1050 556 1087 magna
585 1036 691 1085 copia
710 1040 800 1081 erat,
822 1036 1020 1073 nonnullos
1043 1050 1088 1073 ex
1105 1036 1268 1074 Sullanis
1297 1050 1360 1074 co-

133 1091 240 1138 lonis,
259 1093 395 1142 quibus
425 1091 552 1128 lubido
571 1094 680 1139 atque
703 1089 848 1125 luxuria
875 1102 922 1126 ex
952 1091 1094 1140 magnis
1112 1090 1251 1139 rapinis
1270 1089 1360 1127 nihil

132 1145 265 1196 reliqui
296 1146 472 1183 fecerant.
525 1143 582 1180 Ea
614 1142 698 1179 curn
735 1142 902 1179 Ciceroni
937 1143 1221 1190 nunciarentur3
1263 1144 1362 1181 anci-

132 1198 199 1248 piti
216 1198 313 1236 malo
328 1203 533 1248 permotUS,
552 1193 654 1246 quod
685 1208 806 1244 neque
826 1197 957 1232 urbem
976 1197 1023 1232 ab
1052 1196 1193 1233 insidiis
1217 1196 1361 1246 privato

134 1251 287 1289 consilio
321 1251 471 1302 longius
507 1250 601 1287 tueri
632 1253 806 1297 poterat3
849 1263 972 1298 neque
1009 1249 1193 1286 exercitus
1229 1249 1362 1287 Manlii

133 1311 307 1355 quantus,
340 1311 403 1342 aut
434 1318 507 1354 quo
537 1302 690 1340 consilio
712 1302 818 1346 foret,
849 1301 955 1348 satis,
984 1308 1214 1352 compertum
1249 1303 1363 1341 habe-

114 1360 219 1396 ¹bat:
249 1372 326 1396 rem
358 1359 407 1395 ad
437 1361 606 1395 senatum
641 1355 765 1401 refert,
790 1353 872 1403 jam
900 1361 1009 1392 antea
1033 1356 1137 1406 vulgi
1151 1357 1361 1394 rumoribus

137 1412 376 1462 exagitatam.
431 1410 576 1460 Itaque,
607 1409 708 1458 quod
738 1408 958 1458 plerumque
994 1409 1031 1445 in
1061 1410 1176 1446 atroci
1212 1410 1361 1460 negotio

138 1465 245 1512 solet,
264 1470 415 1503 senatus
444 1463 621 1509 decrevit,
649 1462 778 1498 darent
807 1475 956 1511 operam
981 1462 1168 1508 consules,
1194 1461 1242 1500 ne
1273 1464 1363 1513 quid

139 1519 348 1569 respublica
374 1517 581 1555 detrimenti
610 1520 767 1565 caperet.
820 1515 877 1551 Ea
904 1521 1069 1565 potestas
1100 1530 1168 1566 per
1182 1522 1362 1563 senatum,

138 1586 240 1610 more
260 1573 444 1618 Romano,
462 1569 694 1620 magistratui
713 1582 885 1606 maxuma
904 1569 1137 1618 permittitur,
1161 1570 1362 1607 exercitum

138 1639 280 1675 parare,
315 1626 457 1663 bellurn
493 1637 636 1674 gerere,
672 1622 843 1659 coercere
877 1623 1050 1660 omnibus
1086 1623 1206 1660 modis
1243 1624 1363 1660 socios

139 1685 249 1730 atque
279 1678 403 1724 cives3
446 1675 546 1714 domi
585 1675 800 1726 militiaeque
831 1676 1027 1725 imperium
1059 1681 1168 1725 atque
1182 1676 1364 1726 judicium

140 1747 322 1770 summum
341 1733 490 1769 habere.
544 1728 679 1774 Aliter,
712 1729 790 1766 sine
819 1728 947 1777 populi
973 1730 1096 1779 jussu,
1126 1729 1217 1766 nulli
1239 1743 1364 1766 earum

140 1799 261 1824 rerum
291 1785 433 1824 consuli
452 1786 515 1835 jus
544 1788 612 1820 est.
668 1783 759 1818 Post
782 1795 921 1831 paucos
941 1783 1020 1819 dies
1046 1782 1088 1819 L.
1108 1782 1241 1820 Senius
1260 1797 1366 1820 sena—

140 1847 197 1878 tor
227 1841 265 1877 in
293 1846 422 1877 senatu
456 1838 595 1874 litteras
623 1836 802 1882 recitavit,
829 1849 920 1885 quas
949 1835 1104 1873 Faesulis
1134 1836 1262 1873 allatas
1293 1837 1365 1873 sibi

142 1895 313 1940 dicebat3
340 1893 377 1929 in
411 1891 545 1942 quibus
571 1891 749 1939 scriptum
783 1894 874 1934 erat,
908 1889 949 1925 C.
979 1888 1163 1926 Manlium
1191 1903 1288 1926 arma
1306 1904 1366 1927 ce-

141 1948 242 1997 pisse
263 1960 346 1984 cum
377 1942 515 1995 magna
533 1942 768 1980 multitudine
795 1947 879 1979 ante
900 1942 997 1979 diem
1014 1955 1064 1979 V1.
1082 1942 1159 1979 kal.
1178 1943 1365 1981 Novemb.

144 2000 283 2047 Simul;
310 2000 350 2036 id
369 1999 468 2048 quod
494 1998 532 2033 in
561 1996 624 2032 tali
654 2009 692 2032 re
726 1995 831 2041 solet,
860 1994 922 2031 alii
952 2001 1122 2044 portenta
1151 2001 1262 2046 atque
1284 2009 1365 2046 pro-

142 2054 244 2105 digia
273 2052 520 2090 nunciabant:
567 2049 641 2093 alii,
690 2054 894 2086 conventus
928 2048 1020 2095 fieri,
1071 2062 1172 2085 arma
1206 2051 1366 2099 portari3

137 2108 283 2158 *Capuae
312 2111 423 2156 atque
455 2105 492 2141 in
529 2100 669 2152 Apulia
697 2102 828 2139 servile
859 2101 999 2139 bellum
1029 2103 1180 2139 moveri.
1232 2102 1365 2152 Igitur,

142 2161 260 2199 senati
296 2161 459 2204 decreto,
495 2156 543 2200 Q.
578 2155 743 2192 Marcius
779 2155 863 2192 Rex
897 2155 1075 2201 Faesulas,
1108 2155 1154 2199 Q.
1187 2155 1365 2193 Metellus

146 2215 316 2252 Creticus
349 2213 386 2249 in
415 2210 589 2260 Apuliam
609 2209 822 2258 circumque
854 2221 898 2245 ea
916 2208 1012 2252 loca,
1041 2208 1154 2246 missi.
1211 2209 1261 2245 Hi
1276 2210 1367 2246 utri-

144 2282 217 2318 que
242 2267 289 2304 ad
315 2267 445 2303 urbem
465 2264 704 2313 imperatores
723 2267 848 2308 erant3
877 2262 1055 2312 impediti,
1091 2261 1138 2298 ne
1169 2262 1367 2312 triumpha-

144 2326 237 2365 rent,
273 2318 457 2357 calumnia
492 2329 707 2366 paucorum,
743 2315 878 2366 quibus
912 2315 1033 2352 omnia
1067 2315 1221 2352 honesta
1255 2323 1366 2365 atque

143 2375 336 2413 inhonesta
359 2371 519 2411 vendere
547 2383 628 2407 mos
655 2373 744 2406 erat.
797 2367 873 2406 Sed
895 2374 1071 2418 praetores
1099 2369 1144 2413 Q.
1163 2368 1368 2421 Pompeius
