1492 2531
15 249 93 289 Pag.

38 294 89 322 63.

39 380 92 407 64.

39 422 92 451 65.

51 550 93 578 66

44 593 97 621 67.

46 721 97 749 68.

49 934 99 963 69.

52 1063 106 1092 70.

54 1149 105 1178 71.

57 1877 113 1907 ⁷5.

59 2090 112 2118 76.

58 2133 110 2162 77.

396 143 583 181 VARIAE
612 139 926 180 LECTIONES.

111 247 180 278 [in.

113 294 163 321 27.
179 290 296 320 milites
310 289 435 319 statutis
451 288 566 320 castris

114 335 168 364 31.
184 344 254 363 cum
269 333 440 373 equitibus,
457 331 511 362 disi

113 378 164 407 30.
178 383 388 407 commeatum
407 386 517 416 parare

136 421 167 449 5.
184 419 237 448 ubi
252 424 283 448 et
298 418 408 448 incolae
424 417 555 448 mercari

119 463 172 491 31.
186 463 217 492 in
234 462 421 491 immensum
445 462 627 501 pertingens

119 505 172 534 36.
187 504 344 545 ,Iugurtha
359 504 543 534 continuata

119 550 136 576 2
147 551 176 577 1.
189 549 230 578 al.
245 547 387 578 constitit

145 592 175 620 3.
190 590 298 620 infesti
315 590 426 620 adesse

121 634 174 663 35.
187 634 410 673 imperatoren,
446 633 569 664 summa
597 632 639 667 vi,

238 683 321 705 inter

147 721 175 748 2.
189 719 231 748 ul.
251 726 318 748 tuta
333 725 405 748 sunt

124 763 179 791 27.
193 772 323 791 numero
338 772 410 791 xxii.
426 761 584 792 interfecti

125 805 176 834 ⁶29.
195 804 269 834 fessi
288 805 411 844 laetique
428 813 517 834 erant

121 848 173 877 4¹..
187 847 286 877 bonos
302 848 466 877 decretant
488 849 528 878 al.
548 848 656 878 decer·
671 873 673 889 4

230 895 308 925 tant,
323 897 349 920 et
365 892 459 920 omitt.
475 890 572 921 bonos

145 933 179 962 5.
193 932 317 962 labores
331 933 437 972 praeda
453 934 518 963 sore

130 978 180 1005 18.
194 978 353 1016 praeterea
373 976 536 1007 inimicum
558 982 657 1007 certa-

248 1029 320 1049 men

130 1064 181 1091 11.
198 1061 380 1102 praesidium
396 1061 533 1102 agebant

131 1105 181 1135 25.
198 1106 291 1135 omitt.
304 1105 338 1135 in
351 1106 390 1135 ea
406 1110 495 1145 parte

149 1150 179 1179 4.
193 1146 341 1177 Numidae
356 1156 454 1188 agunt

150 1193 180 1220 7.
192 1191 343 1231 oppidum
392 1190 646 1231 incompositum,

247 1243 348 1273 magis

134 1277 184 1304 19.
201 1276 269 1316 pice
286 1282 317 1306 et
329 1275 445 1305 sulfure
464 1276 566 1306 tedam
583 1276 663 1306 mix-

249 1324 313 1347 tam
341 1319 465 1348 ardenti
493 1320 534 1349 al.
558 1319 663 1359 picem

248 1361 363 1391 sulfure
387 1368 419 1392 et
434 1362 508 1392 teda
529 1362 663 1392 mixtam

248 1404 372 1434 ardenti

104 1469 111 1476 .
138 1448 187 1475 14.
202 1446 232 1475 in
251 1447 393 1487 proximo
408 1448 503 1478 locati

136 1491 186 1519 19.
201 1489 257 1519 sed
273 1489 396 1520 adversi
418 1491 518 1532 sequi,
534 1501 662 1521 concur-

248 1543 315 1562 rere

137 1577 190 1604 94.
207 1585 389 1616 oppugnare

133 1619 185 1648 39.
202 1619 298 1649 scalis
313 1617 455 1658 adgressi

80 1664 110 1691 ζ’.
157 1662 188 1691 8.
203 1671 272 1702 quae
290 1662 309 1691 a
325 1671 358 1691 se
374 1661 555 1692 defecerant

136 1706 187 1733 ⁶28.
202 1704 320 1744 optime
336 1704 458 1735 meritae

105 1770 111 1777 .
136 1748 185 1778 23.
203 1745 316 1787 Arpini
332 1747 426 1778 alitus

102 1823 104 1825 ,
134 1792 187 1819 27.
204 1790 395 1820 tribunatum
417 1790 586 1821 militarem
602 1792 622 1820 ἐι

136 1834 190 1863 33.
206 1834 299 1862 omitt.
314 1833 510 1864 consulatum

158 1878 190 1905 2.
204 1875 311 1905 mirari
325 1874 461 1916 primiim
475 1875 542 1916 ejus

136 1920 188 1950 22.
203 1918 286 1947 trahi
298 1918 410 1948 bellurn
427 1918 565 1955 dicebat,
581 1919 665 1960 qu6d

134 1963 187 1991 35.
200 1961 332 1991 satelliti
345 1961 492 1991 Numidae

132 2005 183 2034 36.
199 2004 323 2035 Marius
338 2005 450 2034 anxius

133 2048 186 2078 37.
198 2048 457 2078 contumeliarum
480 2047 666 2088 imperatori

136 2091 186 2120 13.
202 2090 441 2120 circummunire

155 2135 184 2162 1.
199 2133 342 2163 imbelles
357 2132 448 2163 multi

134 2177 186 2205 ‘20-
203 2177 322 2206 animus
337 2181 476 2206 arrectus
491 2177 535 2206 al.
551 2176 664 2207 animis

252 2221 388 2259 arreptis

137 2262 190 2291 35.
206 2272 243 2292 ex
260 2263 398 2293 Collatio
420 2263 461 2293 al.
485 2261 502 2293 ἐ
522 2261 663 2294 Collatia

1250 138 1314 175 xiii

673 242 827 283 Pag.Lin.

673 289 727 317 77.
749 288 800 315 40.
816 284 922 315 omnia
936 283 1122 314 intentando

675 333 727 360 78.
756 330 806 358 15.
820 330 912 358 omitt.
928 338 1016 358 suam

756 373 807 402 17.
822 371 853 401 id
877 370 970 401 mode)
998 376 1145 401 caveret:
1183 369 1314 410 proinde

698 1661 750 1688 89.

698 1745 751 1774 90.

699 1789 749 1818 91.

683 547 736 575 79.

690 888 742 917 80.

690 1017 743 1046 81.

695 1231 746 1259 82.

741 1337 748 1345 .
772 1317 824 1345 ⁶29.

696 1489 748 1517 84.

697 1575 747 1604 87.

762 416 816 446 23.
834 416 928 444 omitt.
946 414 1008 444 nisi

758 460 812 488 89.
826 463 899 498 post
921 457 955 487 id
976 455 1174 498 negotiorum
1198 456 1315 497 Jugur-

875 501 937 529 thae

782 545 813 573 6.
833 543 973 583 profugis

762 590 815 616 11.
831 586 947 615 volenti
967 586 1073 618 animo
1090 587 1130 618 de

766 632 819 659 ⁶24.
834 629 891 659 sed
927 629 1020 669 paul&
1058 633 1130 661 ante
1168 628 1318 659 nobilitas

852 671 1038 702 Numidiam
1122 673 1319 714 provinciam

850 714 1032 745 decreverat
1077 716 1231 754 Metell03
1277 724 1318 744 ea

849 758 967 788 frustra
983 769 1033 788 res
1049 759 1107 789 fuit

766 802 819 830 31.
838 811 936 842 vagus
954 803 1155 843 incertusque

767 845 819 873 3¹2.
834 844 999 884 quisquam
1015 846 1157 875 omnium
1173 842 1252 873 satis

787 889 816 916 ⁰3.
832 887 969 917 hostium
986 897 1154 928 paucorum
1172 885 1265 926 potiti

789 931 819 960 3.
836 931 875 959 al.
896 937 963 960 tuta
978 938 1050 960 sunt

770 973 821 1002 15.
836 973 902 1003 alia
916 984 987 1014 quae
1005 974 1120 1004 idonea

766 1017 818 1053 ,6.
834 1021 865 1045 et
890 1027 985 1057 super
1006 1027 1062 1047 eas
1083 1025 1199 1058 aggere
1222 1014 1324 1055 impo-

850 1066 919 1089 sltls

840 1103 880 1132 al.
892 1103 1031 1143 graviter

839 1147 932 1176 omitt.
954 1153 1056 1187 syrtes
1082 1145 1121 1176 ab
1143 1149 1245 1175 tractu
1270 1153 1327 1173 no-

862 1189 991 1219 minatae

841 1240 901 1271 quo
917 1232 994 1262 fines

841 1284 938 1313 genus
954 1274 1116 1304 hominum
1131 1276 1219 1306 ferox

769 1102 822 1131 27.

772 1146 825 1174 39.

771 1232 824 1260 31.

772 1275 825 1304 40.

841 1317 867 1345 si
879 1316 941 1346 dux
958 1317 1120 1348 Romanus

840 1369 879 1389 ne
926 1371 999 1391 mox
1041 1371 1092 1391 res
1135 1362 1328 1403 exagitando

866 1403 952 1433 aliud

771 1446 824 1474 36.
838 1445 1008 1486 incognitis
1023 1446 1149 1478 Mauris

771 1488 824 1516 37.
838 1489 966 1529 negotio
981 1489 1117 1520 abnuere
1134 1489 1272 1522 audebat

775 1532 828 1560 38.
843 1532 883 1561 al.
898 1533 983 1572 plebi
997 1533 1141 1563 militiam
1159 1535 1277 1565 volenti

792 1575 821 1603 9.
835 1585 905 1604 num
937 1586 1034 1606 eorum
1054 1579 1258 1615 poenitendum

775 1618 827 1648 20.
842 1617 945 1648 hostem

796 1662 825 1690 2.
842 1667 874 1689 et
888 1662 973 1691 omni
986 1662 1161 1702 potentiam

796 1704 828 1732 3.
842 1704 893 1733 cui
905 1715 1006 1745 neque
1022 1714 1080 1735 sua
1095 1715 1180 1739 cara,
1198 1705 1313 1747 quippe

775 1747 826 1775 38.
843 1747 1023 1778 cohortibus
1039 1748 1215 1778 auxiliariis
1231 1748 1270 1778 ad

773 1791 826 1818 ΞΒ.
840 1794 973 1820 tantam
992 1801 1060 1821 rem
1096 1790 1220 1821 Marius
1256 1802 1329 1832 per-

867 1840 932 1873 eg1t
983 1835 1051 1864 sine
1095 1834 1159 1864 ullo
1201 1844 1328 1866 suorum

870 1875 1070 1907 incommodo
1084 1886 1216 1918 magnus

775 1919 829 1949 40.
844 1918 909 1948 alia
924 1920 1106 1961 aggreditur

774 1962 826 1990 41.
844 1962 886 1991 al.
902 1962 1043 1994 difficilia

772 1360 824 1389 31.

742 2024 750 2033 .
792 2005 822 2034 5.
841 2006 943 2035 omnis
958 2012 1074 2037 natura
1087 2008 1127 2038 al.
1142 2015 1200 2046 per
1223 2007 1330 2038 omnia

867 2056 982 2079 natura

777 2092 826 2120 11.
843 2090 1012 2121 admodum
1052 2098 1146 2134 atque
1190 2095 1329 2134 difficile,

872 2135 1018 2175 utrinque
1034 2137 1174 2176 praecisae
1191 2140 1293 2170 vineae

775 2177 826 2206 23.
842 2177 925 2218 quod
954 2178 1036 2208 latus
1063 2179 1102 2210 ad
1132 2191 1224 2213 usum
1250 2193 1330 2224 prae·

867 2220 1017 2252 liantibus
