<?xml version="1.0" encoding="UTF-8"?>
<!DOCTYPE html PUBLIC "-//W3C//DTD XHTML 1.0 Transitional//EN"
    "http://www.w3.org/TR/xhtml1/DTD/xhtml1-transitional.dtd">
<html xmlns="http://www.w3.org/1999/xhtml" xml:lang="en" lang="en">
 <head>
  <title>
</title>
<meta http-equiv="Content-Type" content="text/html;charset=utf-8" />
  <meta name='ocr-system' content='tesseract 3.04.00' />
  <meta name='ocr-capabilities' content='ocr_page ocr_carea ocr_par ocr_line ocrx_word'/>
</head>
<body>
  <div class='ocr_page' id='page_1' title='image "./quaeextant00salluoft_0168.png"; bbox 0 0 1492 2531; ppageno 0'>
   <div class='ocr_carea' id='block_1_1' title="bbox 119 103 939 143">
    <p class='ocr_par' dir='ltr' id='par_1_1' title="bbox 119 103 939 143">
     <span class='ocr_line' id='line_1_1' title="bbox 119 103 939 143; baseline 0 -1"><span class='ocrx_word' id='word_1_1' title='bbox 119 105 190 143; x_wconf 79' lang='lat'>146</span> <span class='ocrx_word' id='word_1_2' title='bbox 502 104 574 142; x_wconf 85' lang='lat' dir='ltr'>AD</span> <span class='ocrx_word' id='word_1_3' title='bbox 605 103 645 141; x_wconf 91' lang='lat' dir='ltr'>C.</span> <span class='ocrx_word' id='word_1_4' title='bbox 675 103 939 142; x_wconf 85' lang='lat' dir='ltr'><strong>CAESAREM</strong></span> 
     </span>
    </p>
   </div>
   <div class='ocr_carea' id='block_1_2' title="bbox 111 208 1341 2395">
    <p class='ocr_par' dir='ltr' id='par_1_2' title="bbox 111 208 1341 2395">
     <span class='ocr_line' id='line_1_2' title="bbox 117 208 1339 248; baseline 0.002 -4"><span class='ocrx_word' id='word_1_5' title='bbox 117 209 203 244; x_wconf 85' lang='lat' dir='ltr'>victi</span> <span class='ocrx_word' id='word_1_6' title='bbox 236 209 334 245; x_wconf 84' lang='lat' dir='ltr'>cives</span> <span class='ocrx_word' id='word_1_7' title='bbox 371 214 465 245; x_wconf 85' lang='lat' dir='ltr'>sunt.</span> <span class='ocrx_word' id='word_1_8' title='bbox 519 208 621 245; x_wconf 82' lang='lat' dir='ltr'>Inter</span> <span class='ocrx_word' id='word_1_9' title='bbox 651 208 718 245; x_wconf 92' lang='lat' dir='ltr'>has</span> <span class='ocrx_word' id='word_1_10' title='bbox 751 209 984 246; x_wconf 85' lang='lat' dir='ltr'>difficultates</span> <span class='ocrx_word' id='word_1_11' title='bbox 1018 209 1245 246; x_wconf 79' lang='lat' dir='ltr'>evadendum</span> <span class='ocrx_word' id='word_1_12' title='bbox 1283 216 1339 248; x_wconf 82' lang='lat' dir='ltr'>est</span> 
     </span>
     <span class='ocr_line' id='line_1_3' title="bbox 116 261 1340 312; baseline 0.003 -15"><span class='ocrx_word' id='word_1_13' title='bbox 116 262 205 305; x_wconf 78' lang='lat' dir='ltr'>tibi3</span> <span class='ocrx_word' id='word_1_14' title='bbox 241 267 348 311; x_wconf 84' lang='lat' dir='ltr'>atque</span> <span class='ocrx_word' id='word_1_15' title='bbox 377 262 413 297; x_wconf 87' lang='lat' dir='ltr'>in</span> <span class='ocrx_word' id='word_1_16' title='bbox 449 267 633 309; x_wconf 85' lang='lat' dir='ltr'>posterum</span> <span class='ocrx_word' id='word_1_17' title='bbox 661 262 840 298; x_wconf 86' lang='lat' dir='ltr'>firmanda</span> <span class='ocrx_word' id='word_1_18' title='bbox 873 261 1095 312; x_wconf 81' lang='lat' dir='ltr'>respublica,</span> <span class='ocrx_word' id='word_1_19' title='bbox 1127 276 1201 299; x_wconf 89' lang='lat' dir='ltr'>non</span> <span class='ocrx_word' id='word_1_20' title='bbox 1228 264 1340 301; x_wconf 81' lang='lat' dir='ltr'>armis</span> 
     </span>
     <span class='ocr_line' id='line_1_4' title="bbox 117 315 1338 367; baseline 0.002 -16"><span class='ocrx_word' id='word_1_21' title='bbox 117 315 242 358; x_wconf 75' lang='lat' dir='ltr'>modo,</span> <span class='ocrx_word' id='word_1_22' title='bbox 277 327 395 364; x_wconf 87' lang='lat' dir='ltr'>neque</span> <span class='ocrx_word' id='word_1_23' title='bbox 431 315 626 351; x_wconf 79' lang='lat' dir='ltr'>adversum</span> <span class='ocrx_word' id='word_1_24' title='bbox 657 315 796 359; x_wconf 84' lang='lat' dir='ltr'>hostes,</span> <span class='ocrx_word' id='word_1_25' title='bbox 828 317 906 362; x_wconf 91' lang='lat' dir='ltr'>sed,</span> <span class='ocrx_word' id='word_1_26' title='bbox 939 316 1040 365; x_wconf 93' lang='lat' dir='ltr'>quod</span> <span class='ocrx_word' id='word_1_27' title='bbox 1066 315 1184 353; x_wconf 71' lang='lat' dir='ltr'>multo</span> <span class='ocrx_word' id='word_1_28' title='bbox 1219 317 1338 367; x_wconf 81' lang='lat' dir='ltr'>majus</span> 
     </span>
     <span class='ocr_line' id='line_1_5' title="bbox 117 367 1337 419; baseline 0.002 -15"><span class='ocrx_word' id='word_1_29' title='bbox 117 367 307 417; x_wconf 79' lang='lat' dir='ltr'>multoque</span> <span class='ocrx_word' id='word_1_30' title='bbox 328 368 495 416; x_wconf 86' lang='lat' dir='ltr'>asperius</span> <span class='ocrx_word' id='word_1_31' title='bbox 515 374 583 412; x_wconf 85' lang='lat' dir='ltr'>est,</span> <span class='ocrx_word' id='word_1_32' title='bbox 609 369 716 405; x_wconf 90' lang='lat' dir='ltr'>bonis</span> <span class='ocrx_word' id='word_1_33' title='bbox 740 369 844 418; x_wconf 82' lang='lat' dir='ltr'>pacis</span> <span class='ocrx_word' id='word_1_34' title='bbox 873 369 1024 406; x_wconf 86' lang='lat' dir='ltr'>artibus.</span> <span class='ocrx_word' id='word_1_35' title='bbox 1076 369 1176 419; x_wconf 84' lang='lat' dir='ltr'>Ergo</span> <span class='ocrx_word' id='word_1_36' title='bbox 1210 383 1337 407; x_wconf 90' lang='lat' dir='ltr'>omnes</span> 
     </span>
     <span class='ocr_line' id='line_1_6' title="bbox 115 421 1337 473; baseline 0.002 -16"><span class='ocrx_word' id='word_1_37' title='bbox 115 422 251 471; x_wconf 71' lang='lat' dir='ltr'>magna</span> <span class='ocrx_word' id='word_1_38' title='bbox 274 421 518 470; x_wconf 80' lang='lat' dir='ltr'>mediocrique</span> <span class='ocrx_word' id='word_1_39' title='bbox 547 422 727 470; x_wconf 70' lang='lat' dir='ltr'>sapientia</span> <span class='ocrx_word' id='word_1_40' title='bbox 744 435 802 458; x_wconf 88' lang='lat' dir='ltr'>res</span> <span class='ocrx_word' id='word_1_41' title='bbox 822 422 892 458; x_wconf 91' lang='lat' dir='ltr'>huc</span> <span class='ocrx_word' id='word_1_42' title='bbox 920 426 1050 459; x_wconf 82' lang='lat' dir='ltr'>vocat:</span> <span class='ocrx_word' id='word_1_43' title='bbox 1080 435 1162 471; x_wconf 85' lang='lat' dir='ltr'>quae</span> <span class='ocrx_word' id='word_1_44' title='bbox 1181 423 1337 473; x_wconf 88' lang='lat' dir='ltr'>quisque</span> 
     </span>
     <span class='ocr_line' id='line_1_7' title="bbox 117 472 1339 526; baseline 0.001 -15"><span class='ocrx_word' id='word_1_45' title='bbox 117 482 268 523; x_wconf 92' lang='lat' dir='ltr'>optuma</span> <span class='ocrx_word' id='word_1_46' title='bbox 301 480 437 524; x_wconf 89' lang='lat' dir='ltr'>potest,</span> <span class='ocrx_word' id='word_1_47' title='bbox 474 472 525 510; x_wconf 86' lang='lat' dir='ltr'>uti</span> <span class='ocrx_word' id='word_1_48' title='bbox 557 475 665 512; x_wconf 86' lang='lat' dir='ltr'>dicat.</span> <span class='ocrx_word' id='word_1_49' title='bbox 718 475 770 511; x_wconf 87' lang='lat' dir='ltr'>At</span> <span class='ocrx_word' id='word_1_50' title='bbox 804 475 891 511; x_wconf 88' lang='lat' dir='ltr'>mihi</span> <span class='ocrx_word' id='word_1_51' title='bbox 926 475 978 512; x_wconf 90' lang='lat' dir='ltr'>sic</span> <span class='ocrx_word' id='word_1_52' title='bbox 1015 475 1182 512; x_wconf 84' lang='lat' dir='ltr'>videtur:</span> <span class='ocrx_word' id='word_1_53' title='bbox 1225 476 1339 526; x_wconf 90' lang='lat' dir='ltr'>quali-</span> 
     </span>
     <span class='ocr_line' id='line_1_8' title="bbox 114 528 1338 577; baseline 0.002 -14"><span class='ocrx_word' id='word_1_54' title='bbox 114 541 271 577; x_wconf 78' lang='lat' dir='ltr'>cumque</span> <span class='ocrx_word' id='word_1_55' title='bbox 307 528 416 564; x_wconf 89' lang='lat' dir='ltr'>modo</span> <span class='ocrx_word' id='word_1_56' title='bbox 448 534 489 565; x_wconf 88' lang='lat' dir='ltr'>tu</span> <span class='ocrx_word' id='word_1_57' title='bbox 518 528 705 565; x_wconf 85' lang='lat' dir='ltr'>victoriam</span> <span class='ocrx_word' id='word_1_58' title='bbox 741 528 1004 576; x_wconf 83' lang='lat' dir='ltr'>composueris,</span> <span class='ocrx_word' id='word_1_59' title='bbox 1038 528 1089 564; x_wconf 80' lang='lat' dir='ltr'>ita</span> <span class='ocrx_word' id='word_1_60' title='bbox 1119 528 1190 565; x_wconf 87' lang='lat' dir='ltr'>alia</span> <span class='ocrx_word' id='word_1_61' title='bbox 1218 530 1338 566; x_wconf 90' lang='lat' dir='ltr'>omnia</span> 
     </span>
     <span class='ocr_line' id='line_1_9' title="bbox 114 580 1338 632; baseline 0.002 -15"><span class='ocrx_word' id='word_1_62' title='bbox 114 582 246 618; x_wconf 84' lang='lat' dir='ltr'>futura.</span> <span class='ocrx_word' id='word_1_63' title='bbox 301 581 375 617; x_wconf 88' lang='lat' dir='ltr'>Sed</span> <span class='ocrx_word' id='word_1_64' title='bbox 397 583 486 632; x_wconf 88' lang='lat' dir='ltr'>jam,</span> <span class='ocrx_word' id='word_1_65' title='bbox 506 580 579 631; x_wconf 77' lang='lat' dir='ltr'>quo</span> <span class='ocrx_word' id='word_1_66' title='bbox 606 581 738 618; x_wconf 75' lang='lat' dir='ltr'>melius</span> <span class='ocrx_word' id='word_1_67' title='bbox 765 581 986 631; x_wconf 80' lang='lat' dir='ltr'>faciliusque</span> <span class='ocrx_word' id='word_1_68' title='bbox 1012 581 1229 627; x_wconf 86' lang='lat' dir='ltr'>constituas,</span> <span class='ocrx_word' id='word_1_69' title='bbox 1248 595 1338 630; x_wconf 86' lang='lat' dir='ltr'>pau-</span> 
     </span>
     <span class='ocr_line' id='line_1_10' title="bbox 116 634 1338 684; baseline 0 -13"><span class='ocrx_word' id='word_1_70' title='bbox 116 635 181 679; x_wconf 84' lang='lat' dir='ltr'>cis,</span> <span class='ocrx_word' id='word_1_71' title='bbox 217 649 300 684; x_wconf 86' lang='lat' dir='ltr'>quae</span> <span class='ocrx_word' id='word_1_72' title='bbox 337 649 393 671; x_wconf 89' lang='lat' dir='ltr'>me</span> <span class='ocrx_word' id='word_1_73' title='bbox 427 635 569 671; x_wconf 89' lang='lat' dir='ltr'>animus</span> <span class='ocrx_word' id='word_1_74' title='bbox 602 640 740 678; x_wconf 83' lang='lat' dir='ltr'>monet,</span> <span class='ocrx_word' id='word_1_75' title='bbox 772 635 913 684; x_wconf 82' lang='lat' dir='ltr'>accipe.</span> <span class='ocrx_word' id='word_1_76' title='bbox 978 634 1126 672; x_wconf 89' lang='lat' dir='ltr'>Bellum</span> <span class='ocrx_word' id='word_1_77' title='bbox 1154 635 1222 672; x_wconf 87' lang='lat' dir='ltr'>tibi</span> <span class='ocrx_word' id='word_1_78' title='bbox 1256 635 1338 679; x_wconf 86' lang='lat' dir='ltr'>fuit,</span> 
     </span>
     <span class='ocr_line' id='line_1_11' title="bbox 114 687 1339 737; baseline 0.001 -13"><span class='ocrx_word' id='word_1_79' title='bbox 114 688 332 737; x_wconf 82' lang='lat' dir='ltr'>Imperator,</span> <span class='ocrx_word' id='word_1_80' title='bbox 369 702 452 724; x_wconf 91' lang='lat' dir='ltr'>cum</span> <span class='ocrx_word' id='word_1_81' title='bbox 499 687 645 725; x_wconf 89' lang='lat' dir='ltr'>homine</span> <span class='ocrx_word' id='word_1_82' title='bbox 692 688 805 732; x_wconf 88' lang='lat' dir='ltr'>claro,</span> <span class='ocrx_word' id='word_1_83' title='bbox 848 688 992 737; x_wconf 85' lang='lat' dir='ltr'>magnis</span> <span class='ocrx_word' id='word_1_84' title='bbox 1037 688 1186 737; x_wconf 85' lang='lat' dir='ltr'>opibus,</span> <span class='ocrx_word' id='word_1_85' title='bbox 1231 688 1339 725; x_wconf 88' lang='lat' dir='ltr'>avido</span> 
     </span>
     <span class='ocr_line' id='line_1_12' title="bbox 112 740 1339 792; baseline -0.001 -14"><span class='ocrx_word' id='word_1_86' title='bbox 112 743 300 791; x_wconf 80' lang='lat' dir='ltr'>potentiae,</span> <span class='ocrx_word' id='word_1_87' title='bbox 338 742 472 792; x_wconf 84' lang='lat' dir='ltr'>majore</span> <span class='ocrx_word' id='word_1_88' title='bbox 507 742 654 778; x_wconf 62' lang='lat' dir='ltr'>fortuna</span> <span class='ocrx_word' id='word_1_89' title='bbox 689 740 800 792; x_wconf 73' lang='lat' dir='ltr'>quam</span> <span class='ocrx_word' id='word_1_90' title='bbox 830 740 1030 790; x_wconf 63' lang='lat' dir='ltr'>sapientia:</span> <span class='ocrx_word' id='word_1_91' title='bbox 1076 753 1185 791; x_wconf 89' lang='lat' dir='ltr'>quem</span> <span class='ocrx_word' id='word_1_92' title='bbox 1221 742 1339 779; x_wconf 83' lang='lat' dir='ltr'>secuti</span> 
     </span>
     <span class='ocr_line' id='line_1_13' title="bbox 114 794 1338 845; baseline 0 -14"><span class='ocrx_word' id='word_1_93' title='bbox 114 802 199 832; x_wconf 88' lang='lat' dir='ltr'>sunt</span> <span class='ocrx_word' id='word_1_94' title='bbox 233 795 355 845; x_wconf 90' lang='lat' dir='ltr'>pauci,</span> <span class='ocrx_word' id='word_1_95' title='bbox 390 809 455 844; x_wconf 80' lang='lat' dir='ltr'>per</span> <span class='ocrx_word' id='word_1_96' title='bbox 491 808 594 831; x_wconf 88' lang='lat' dir='ltr'>suam</span> <span class='ocrx_word' id='word_1_97' title='bbox 631 795 800 845; x_wconf 88' lang='lat' dir='ltr'>injuriam</span> <span class='ocrx_word' id='word_1_98' title='bbox 831 795 898 831; x_wconf 89' lang='lat' dir='ltr'>tibi</span> <span class='ocrx_word' id='word_1_99' title='bbox 932 794 1085 831; x_wconf 85' lang='lat' dir='ltr'>inimici:</span> <span class='ocrx_word' id='word_1_100' title='bbox 1127 796 1213 831; x_wconf 87' lang='lat' dir='ltr'>item</span> <span class='ocrx_word' id='word_1_101' title='bbox 1244 807 1338 845; x_wconf 85' lang='lat' dir='ltr'>quos</span> 
     </span>
     <span class='ocr_line' id='line_1_14' title="bbox 114 847 1340 898; baseline 0.001 -14"><span class='ocrx_word' id='word_1_102' title='bbox 114 848 284 895; x_wconf 85' lang='lat' dir='ltr'>affinitas,</span> <span class='ocrx_word' id='word_1_103' title='bbox 303 854 365 885; x_wconf 79' lang='lat' dir='ltr'>aut</span> <span class='ocrx_word' id='word_1_104' title='bbox 391 848 464 885; x_wconf 81' lang='lat' dir='ltr'>alia</span> <span class='ocrx_word' id='word_1_105' title='bbox 489 847 737 898; x_wconf 84' lang='lat' dir='ltr'>necessitudo,</span> <span class='ocrx_word' id='word_1_106' title='bbox 764 849 884 885; x_wconf 84' lang='lat' dir='ltr'>traxit.</span> <span class='ocrx_word' id='word_1_107' title='bbox 946 848 1044 884; x_wconf 84' lang='lat' dir='ltr'>Nam</span> <span class='ocrx_word' id='word_1_108' title='bbox 1069 848 1250 897; x_wconf 86' lang='lat' dir='ltr'>particeps</span> <span class='ocrx_word' id='word_1_109' title='bbox 1277 849 1340 885; x_wconf 91' lang='lat' dir='ltr'>do-</span> 
     </span>
     <span class='ocr_line' id='line_1_15' title="bbox 112 901 1338 951; baseline 0.001 -14"><span class='ocrx_word' id='word_1_110' title='bbox 112 902 320 939; x_wconf 82' lang='lat' dir='ltr'>minationis</span> <span class='ocrx_word' id='word_1_111' title='bbox 340 916 459 951; x_wconf 86' lang='lat' dir='ltr'>neque</span> <span class='ocrx_word' id='word_1_112' title='bbox 484 902 553 938; x_wconf 84' lang='lat' dir='ltr'>fuit</span> <span class='ocrx_word' id='word_1_113' title='bbox 578 902 792 951; x_wconf 86' lang='lat' dir='ltr'>quisquam;</span> <span class='ocrx_word' id='word_1_114' title='bbox 818 915 951 950; x_wconf 88' lang='lat' dir='ltr'>neque,</span> <span class='ocrx_word' id='word_1_115' title='bbox 981 901 1012 938; x_wconf 91' lang='lat' dir='ltr'>si</span> <span class='ocrx_word' id='word_1_116' title='bbox 1040 901 1116 950; x_wconf 83' lang='lat' dir='ltr'>pati</span> <span class='ocrx_word' id='word_1_117' title='bbox 1145 903 1338 950; x_wconf 83' lang='lat' dir='ltr'>potuisset,</span> 
     </span>
     <span class='ocr_line' id='line_1_16' title="bbox 115 954 1338 992; baseline 0 -1"><span class='ocrx_word' id='word_1_118' title='bbox 115 955 213 992; x_wconf 88' lang='lat' dir='ltr'>orbis</span> <span class='ocrx_word' id='word_1_119' title='bbox 239 961 416 992; x_wconf 88' lang='lat' dir='ltr'>terrarum</span> <span class='ocrx_word' id='word_1_120' title='bbox 445 955 543 992; x_wconf 90' lang='lat' dir='ltr'>bello</span> <span class='ocrx_word' id='word_1_121' title='bbox 574 968 775 991; x_wconf 87' lang='lat' dir='ltr'>concussus</span> <span class='ocrx_word' id='word_1_122' title='bbox 805 955 912 992; x_wconf 86' lang='lat' dir='ltr'>foret.</span> <span class='ocrx_word' id='word_1_123' title='bbox 968 955 1114 991; x_wconf 81' lang='lat' dir='ltr'>Caetera</span> <span class='ocrx_word' id='word_1_124' title='bbox 1142 954 1338 991; x_wconf 86' lang='lat' dir='ltr'>multitudo</span> 
     </span>
     <span class='ocr_line' id='line_1_17' title="bbox 114 1006 1339 1059; baseline -0.001 -14"><span class='ocrx_word' id='word_1_125' title='bbox 114 1008 229 1059; x_wconf 81' lang='lat' dir='ltr'>vulgi,</span> <span class='ocrx_word' id='word_1_126' title='bbox 247 1022 347 1046; x_wconf 89' lang='lat' dir='ltr'>more</span> <span class='ocrx_word' id='word_1_127' title='bbox 380 1009 498 1058; x_wconf 80' lang='lat' dir='ltr'>magis</span> <span class='ocrx_word' id='word_1_128' title='bbox 528 1008 638 1058; x_wconf 67' lang='lat' dir='ltr'>quam</span> <span class='ocrx_word' id='word_1_129' title='bbox 654 1008 807 1058; x_wconf 82' lang='lat' dir='ltr'>judicio,</span> <span class='ocrx_word' id='word_1_130' title='bbox 835 1006 923 1057; x_wconf 75' lang='lat' dir='ltr'>post</span> <span class='ocrx_word' id='word_1_131' title='bbox 952 1007 1045 1044; x_wconf 90' lang='lat' dir='ltr'>alius</span> <span class='ocrx_word' id='word_1_132' title='bbox 1076 1007 1199 1054; x_wconf 88' lang='lat' dir='ltr'>alium,</span> <span class='ocrx_word' id='word_1_133' title='bbox 1232 1008 1339 1058; x_wconf 88' lang='lat' dir='ltr'>quasi</span> 
     </span>
     <span class='ocr_line' id='line_1_18' title="bbox 114 1060 1337 1111; baseline 0 -14"><span class='ocrx_word' id='word_1_134' title='bbox 114 1062 401 1111; x_wconf 86' lang='lat' dir='ltr'>prudentiorem,</span> <span class='ocrx_word' id='word_1_135' title='bbox 438 1063 567 1099; x_wconf 83' lang='lat' dir='ltr'>secuti.</span> <span class='ocrx_word' id='word_1_136' title='bbox 624 1061 696 1098; x_wconf 86' lang='lat' dir='ltr'>Per</span> <span class='ocrx_word' id='word_1_137' title='bbox 728 1061 826 1098; x_wconf 88' lang='lat' dir='ltr'>idem</span> <span class='ocrx_word' id='word_1_138' title='bbox 857 1066 1001 1110; x_wconf 87' lang='lat' dir='ltr'>tempus</span> <span class='ocrx_word' id='word_1_139' title='bbox 1032 1060 1236 1097; x_wconf 89' lang='lat' dir='ltr'>maledictis</span> <span class='ocrx_word' id='word_1_140' title='bbox 1267 1061 1337 1097; x_wconf 86' lang='lat' dir='ltr'>ini-</span> 
     </span>
     <span class='ocr_line' id='line_1_19' title="bbox 114 1113 1340 1165; baseline -0.002 -13"><span class='ocrx_word' id='word_1_141' title='bbox 114 1129 272 1165; x_wconf 84' lang='lat' dir='ltr'>quorum</span> <span class='ocrx_word' id='word_1_142' title='bbox 291 1116 517 1164; x_wconf 82' lang='lat' dir='ltr'>occupandae</span> <span class='ocrx_word' id='word_1_143' title='bbox 544 1115 759 1164; x_wconf 83' lang='lat' dir='ltr'>reipublicae</span> <span class='ocrx_word' id='word_1_144' title='bbox 787 1115 825 1150; x_wconf 88' lang='lat' dir='ltr'>in</span> <span class='ocrx_word' id='word_1_145' title='bbox 853 1127 956 1163; x_wconf 90' lang='lat' dir='ltr'>spem</span> <span class='ocrx_word' id='word_1_146' title='bbox 985 1114 1134 1151; x_wconf 84' lang='lat' dir='ltr'>adducti</span> <span class='ocrx_word' id='word_1_147' title='bbox 1160 1113 1340 1158; x_wconf 89' lang='lat' dir='ltr'>homines,</span> 
     </span>
     <span class='ocr_line' id='line_1_20' title="bbox 113 1166 1337 1219; baseline -0.002 -14"><span class='ocrx_word' id='word_1_148' title='bbox 113 1169 247 1219; x_wconf 88' lang='lat' dir='ltr'>quibus</span> <span class='ocrx_word' id='word_1_149' title='bbox 277 1170 397 1205; x_wconf 87' lang='lat' dir='ltr'>omnia</span> <span class='ocrx_word' id='word_1_150' title='bbox 422 1170 556 1218; x_wconf 89' lang='lat' dir='ltr'>probro</span> <span class='ocrx_word' id='word_1_151' title='bbox 579 1182 621 1205; x_wconf 89' lang='lat' dir='ltr'>ac</span> <span class='ocrx_word' id='word_1_152' title='bbox 640 1166 785 1204; x_wconf 62' lang='lat' dir='ltr'>luxuria</span> <span class='ocrx_word' id='word_1_153' title='bbox 813 1167 953 1217; x_wconf 82' lang='lat' dir='ltr'>polluta</span> <span class='ocrx_word' id='word_1_154' title='bbox 977 1173 1093 1210; x_wconf 85' lang='lat' dir='ltr'>erant,</span> <span class='ocrx_word' id='word_1_155' title='bbox 1123 1180 1337 1204; x_wconf 88' lang='lat' dir='ltr'>concurrere</span> 
     </span>
     <span class='ocr_line' id='line_1_21' title="bbox 111 1220 1341 1271; baseline -0.001 -13"><span class='ocrx_word' id='word_1_156' title='bbox 111 1223 149 1258; x_wconf 90' lang='lat' dir='ltr'>in</span> <span class='ocrx_word' id='word_1_157' title='bbox 168 1228 287 1259; x_wconf 82' lang='lat' dir='ltr'>castra</span> <span class='ocrx_word' id='word_1_158' title='bbox 304 1227 386 1259; x_wconf 91' lang='lat' dir='ltr'>tua:</span> <span class='ocrx_word' id='word_1_159' title='bbox 417 1228 453 1259; x_wconf 88' lang='lat' dir='ltr'>et</span> <span class='ocrx_word' id='word_1_160' title='bbox 471 1222 597 1271; x_wconf 79' lang='lat' dir='ltr'>aperte</span> <span class='ocrx_word' id='word_1_161' title='bbox 616 1222 749 1271; x_wconf 86' lang='lat' dir='ltr'>quietis</span> <span class='ocrx_word' id='word_1_162' title='bbox 768 1226 935 1267; x_wconf 82' lang='lat' dir='ltr'>mortem,</span> <span class='ocrx_word' id='word_1_163' title='bbox 961 1221 1122 1270; x_wconf 88' lang='lat' dir='ltr'>rapinas,</span> <span class='ocrx_word' id='word_1_164' title='bbox 1152 1220 1341 1270; x_wconf 70' lang='lat' dir='ltr'>postremo</span> 
     </span>
     <span class='ocr_line' id='line_1_22' title="bbox 115 1272 1341 1326; baseline -0.002 -14"><span class='ocrx_word' id='word_1_165' title='bbox 115 1277 248 1322; x_wconf 88' lang='lat' dir='ltr'>omnia,</span> <span class='ocrx_word' id='word_1_166' title='bbox 294 1289 378 1326; x_wconf 83' lang='lat' dir='ltr'>quae</span> <span class='ocrx_word' id='word_1_167' title='bbox 415 1281 609 1324; x_wconf 84' lang='lat' dir='ltr'>corruptus</span> <span class='ocrx_word' id='word_1_168' title='bbox 655 1275 796 1312; x_wconf 87' lang='lat' dir='ltr'>animus</span> <span class='ocrx_word' id='word_1_169' title='bbox 835 1275 1006 1324; x_wconf 86' lang='lat' dir='ltr'>jubebat,</span> <span class='ocrx_word' id='word_1_170' title='bbox 1046 1274 1216 1312; x_wconf 86' lang='lat' dir='ltr'>minitari.</span> <span class='ocrx_word' id='word_1_171' title='bbox 1282 1272 1341 1310; x_wconf 86' lang='lat' dir='ltr'>Ex</span> 
     </span>
     <span class='ocr_line' id='line_1_23' title="bbox 115 1327 1339 1379; baseline -0.002 -14"><span class='ocrx_word' id='word_1_172' title='bbox 115 1329 198 1378; x_wconf 79' lang='lat' dir='ltr'>quis</span> <span class='ocrx_word' id='word_1_173' title='bbox 226 1342 358 1378; x_wconf 82' lang='lat' dir='ltr'>magna</span> <span class='ocrx_word' id='word_1_174' title='bbox 385 1342 482 1379; x_wconf 87' lang='lat' dir='ltr'>pars,</span> <span class='ocrx_word' id='word_1_175' title='bbox 515 1330 577 1365; x_wconf 87' lang='lat' dir='ltr'>ubi</span> <span class='ocrx_word' id='word_1_176' title='bbox 610 1343 728 1379; x_wconf 89' lang='lat' dir='ltr'>neque</span> <span class='ocrx_word' id='word_1_177' title='bbox 761 1328 939 1364; x_wconf 84' lang='lat' dir='ltr'>creditum</span> <span class='ocrx_word' id='word_1_178' title='bbox 967 1327 1188 1372; x_wconf 86' lang='lat' dir='ltr'>condonare,</span> <span class='ocrx_word' id='word_1_179' title='bbox 1220 1340 1339 1376; x_wconf 89' lang='lat' dir='ltr'>neque</span> 
     </span>
     <span class='ocr_line' id='line_1_24' title="bbox 115 1379 1340 1430; baseline -0.002 -11"><span class='ocrx_word' id='word_1_180' title='bbox 115 1389 150 1419; x_wconf 91' lang='lat' dir='ltr'>te</span> <span class='ocrx_word' id='word_1_181' title='bbox 188 1383 342 1429; x_wconf 83' lang='lat' dir='ltr'>civibus,</span> <span class='ocrx_word' id='word_1_182' title='bbox 379 1383 487 1420; x_wconf 89' lang='lat' dir='ltr'>sicuti</span> <span class='ocrx_word' id='word_1_183' title='bbox 518 1383 700 1427; x_wconf 82' lang='lat' dir='ltr'>hostibus,</span> <span class='ocrx_word' id='word_1_184' title='bbox 729 1382 784 1418; x_wconf 90' lang='lat' dir='ltr'>uti</span> <span class='ocrx_word' id='word_1_185' title='bbox 815 1381 954 1427; x_wconf 85' lang='lat' dir='ltr'>vident,</span> <span class='ocrx_word' id='word_1_186' title='bbox 982 1379 1191 1417; x_wconf 66' lang='lat' dir='ltr'>defluxere:</span> <span class='ocrx_word' id='word_1_187' title='bbox 1230 1381 1340 1430; x_wconf 82' lang='lat' dir='ltr'>pauci</span> 
     </span>
     <span class='ocr_line' id='line_1_25' title="bbox 114 1433 1340 1486; baseline -0.002 -14"><span class='ocrx_word' id='word_1_188' title='bbox 114 1436 293 1482; x_wconf 71' lang='lat' dir='ltr'>restitere,</span> <span class='ocrx_word' id='word_1_189' title='bbox 329 1436 463 1485; x_wconf 91' lang='lat' dir='ltr'>quibus</span> <span class='ocrx_word' id='word_1_190' title='bbox 499 1437 614 1486; x_wconf 87' lang='lat' dir='ltr'>majus</span> <span class='ocrx_word' id='word_1_191' title='bbox 652 1436 766 1472; x_wconf 89' lang='lat' dir='ltr'>otium</span> <span class='ocrx_word' id='word_1_192' title='bbox 800 1435 838 1471; x_wconf 91' lang='lat' dir='ltr'>in</span> <span class='ocrx_word' id='word_1_193' title='bbox 874 1434 1015 1478; x_wconf 86' lang='lat' dir='ltr'>castris,</span> <span class='ocrx_word' id='word_1_194' title='bbox 1051 1434 1162 1484; x_wconf 74' lang='lat' dir='ltr'>quam</span> <span class='ocrx_word' id='word_1_195' title='bbox 1197 1433 1340 1479; x_wconf 84' lang='lat' dir='ltr'>Romae,</span> 
     </span>
     <span class='ocr_line' id='line_1_26' title="bbox 114 1485 1339 1537; baseline -0.002 -11"><span class='ocrx_word' id='word_1_196' title='bbox 114 1490 277 1526; x_wconf 83' lang='lat' dir='ltr'>futurum</span> <span class='ocrx_word' id='word_1_197' title='bbox 306 1495 403 1526; x_wconf 85' lang='lat' dir='ltr'>erat:</span> <span class='ocrx_word' id='word_1_198' title='bbox 432 1496 537 1527; x_wconf 88' lang='lat' dir='ltr'>tunta</span> <span class='ocrx_word' id='word_1_199' title='bbox 564 1490 620 1526; x_wconf 93' lang='lat' dir='ltr'>vis</span> <span class='ocrx_word' id='word_1_200' title='bbox 645 1489 865 1526; x_wconf 88' lang='lat' dir='ltr'>creditorum</span> <span class='ocrx_word' id='word_1_201' title='bbox 885 1487 1134 1537; x_wconf 88' lang='lat' dir='ltr'>impendebat.</span> <span class='ocrx_word' id='word_1_202' title='bbox 1190 1485 1265 1524; x_wconf 87' lang='lat' dir='ltr'>Sed</span> <span class='ocrx_word' id='word_1_203' title='bbox 1292 1489 1339 1524; x_wconf 94' lang='lat' dir='ltr'>ob</span> 
     </span>
     <span class='ocr_line' id='line_1_27' title="bbox 117 1539 1341 1590; baseline -0.003 -10"><span class='ocrx_word' id='word_1_204' title='bbox 117 1544 266 1580; x_wconf 84' lang='lat' dir='ltr'>easdem</span> <span class='ocrx_word' id='word_1_205' title='bbox 292 1557 421 1580; x_wconf 87' lang='lat' dir='ltr'>causas</span> <span class='ocrx_word' id='word_1_206' title='bbox 455 1543 612 1580; x_wconf 86' lang='lat' dir='ltr'>immane</span> <span class='ocrx_word' id='word_1_207' title='bbox 641 1543 742 1579; x_wconf 89' lang='lat' dir='ltr'>dictu</span> <span class='ocrx_word' id='word_1_208' title='bbox 778 1547 847 1586; x_wconf 86' lang='lat' dir='ltr'>est,</span> <span class='ocrx_word' id='word_1_209' title='bbox 875 1541 1002 1590; x_wconf 83' lang='lat' dir='ltr'>quanti</span> <span class='ocrx_word' id='word_1_210' title='bbox 1034 1546 1070 1577; x_wconf 88' lang='lat' dir='ltr'>et</span> <span class='ocrx_word' id='word_1_211' title='bbox 1097 1539 1207 1590; x_wconf 69' lang='lat' dir='ltr'>quam</span> <span class='ocrx_word' id='word_1_212' title='bbox 1234 1539 1341 1577; x_wconf 88' lang='lat' dir='ltr'>multi</span> 
     </span>
     <span class='ocr_line' id='line_1_28' title="bbox 115 1595 1341 1646; baseline -0.002 -14"><span class='ocrx_word' id='word_1_213' title='bbox 115 1597 286 1634; x_wconf 86' lang='lat' dir='ltr'>mortales</span> <span class='ocrx_word' id='word_1_214' title='bbox 321 1603 450 1646; x_wconf 89' lang='lat' dir='ltr'>postea</span> <span class='ocrx_word' id='word_1_215' title='bbox 484 1597 531 1633; x_wconf 86' lang='lat' dir='ltr'>ad</span> <span class='ocrx_word' id='word_1_216' title='bbox 565 1596 785 1645; x_wconf 85' lang='lat' dir='ltr'>Pompeium</span> <span class='ocrx_word' id='word_1_217' title='bbox 821 1595 1075 1632; x_wconf 85' lang='lat' dir='ltr'>discesserint:</span> <span class='ocrx_word' id='word_1_218' title='bbox 1111 1606 1242 1643; x_wconf 89' lang='lat' dir='ltr'>eoque,</span> <span class='ocrx_word' id='word_1_219' title='bbox 1274 1607 1341 1642; x_wconf 90' lang='lat' dir='ltr'>per</span> 
     </span>
     <span class='ocr_line' id='line_1_29' title="bbox 118 1647 1341 1699; baseline -0.003 -12"><span class='ocrx_word' id='word_1_220' title='bbox 118 1664 226 1687; x_wconf 88' lang='lat' dir='ltr'>omne</span> <span class='ocrx_word' id='word_1_221' title='bbox 244 1656 390 1699; x_wconf 88' lang='lat' dir='ltr'>tempus</span> <span class='ocrx_word' id='word_1_222' title='bbox 408 1650 509 1695; x_wconf 84' lang='lat' dir='ltr'>belli,</span> <span class='ocrx_word' id='word_1_223' title='bbox 538 1650 643 1699; x_wconf 84' lang='lat' dir='ltr'>quasi</span> <span class='ocrx_word' id='word_1_224' title='bbox 661 1663 765 1686; x_wconf 86' lang='lat' dir='ltr'>sacro</span> <span class='ocrx_word' id='word_1_225' title='bbox 784 1655 892 1698; x_wconf 88' lang='lat' dir='ltr'>atque</span> <span class='ocrx_word' id='word_1_226' title='bbox 911 1647 1107 1697; x_wconf 86' lang='lat' dir='ltr'>inspoliato</span> <span class='ocrx_word' id='word_1_227' title='bbox 1134 1648 1220 1684; x_wconf 88' lang='lat' dir='ltr'>fano</span> <span class='ocrx_word' id='word_1_228' title='bbox 1240 1647 1341 1683; x_wconf 89' lang='lat' dir='ltr'>debi-</span> 
     </span>
     <span class='ocr_line' id='line_1_30' title="bbox 118 1701 1339 1754; baseline -0.002 -14"><span class='ocrx_word' id='word_1_229' title='bbox 118 1710 216 1740; x_wconf 86' lang='lat' dir='ltr'>tores</span> <span class='ocrx_word' id='word_1_230' title='bbox 237 1704 303 1740; x_wconf 89' lang='lat' dir='ltr'>usi.</span> <span class='ocrx_word' id='word_1_231' title='bbox 357 1703 488 1753; x_wconf 82' lang='lat' dir='ltr'>Igitur,</span> <span class='ocrx_word' id='word_1_232' title='bbox 508 1704 681 1754; x_wconf 90' lang='lat' dir='ltr'>quoniam</span> <span class='ocrx_word' id='word_1_233' title='bbox 699 1703 766 1739; x_wconf 89' lang='lat' dir='ltr'>tibi</span> <span class='ocrx_word' id='word_1_234' title='bbox 794 1702 921 1739; x_wconf 88' lang='lat' dir='ltr'>victori</span> <span class='ocrx_word' id='word_1_235' title='bbox 939 1701 984 1738; x_wconf 91' lang='lat' dir='ltr'>de</span> <span class='ocrx_word' id='word_1_236' title='bbox 1002 1701 1100 1738; x_wconf 91' lang='lat' dir='ltr'>bello</span> <span class='ocrx_word' id='word_1_237' title='bbox 1119 1706 1230 1750; x_wconf 87' lang='lat' dir='ltr'>atque</span> <span class='ocrx_word' id='word_1_238' title='bbox 1250 1713 1339 1749; x_wconf 89' lang='lat' dir='ltr'>pace</span> 
     </span>
     <span class='ocr_line' id='line_1_31' title="bbox 118 1752 1339 1807; baseline -0.002 -15"><span class='ocrx_word' id='word_1_239' title='bbox 118 1758 331 1807; x_wconf 84' lang='lat' dir='ltr'>agitandum</span> <span class='ocrx_word' id='word_1_240' title='bbox 360 1763 435 1794; x_wconf 86' lang='lat' dir='ltr'>est:</span> <span class='ocrx_word' id='word_1_241' title='bbox 481 1758 549 1793; x_wconf 89' lang='lat' dir='ltr'>hoc</span> <span class='ocrx_word' id='word_1_242' title='bbox 577 1756 632 1793; x_wconf 74' lang='lat' dir='ltr'>uti</span> <span class='ocrx_word' id='word_1_243' title='bbox 668 1754 822 1793; x_wconf 74' lang='lat' dir='ltr'>civiliter</span> <span class='ocrx_word' id='word_1_244' title='bbox 856 1756 1033 1804; x_wconf 83' lang='lat' dir='ltr'>deponaS,</span> <span class='ocrx_word' id='word_1_245' title='bbox 1068 1754 1127 1790; x_wconf 80' lang='lat' dir='ltr'>issa</span> <span class='ocrx_word' id='word_1_246' title='bbox 1154 1759 1195 1790; x_wconf 88' lang='lat' dir='ltr'>ut</span> <span class='ocrx_word' id='word_1_247' title='bbox 1229 1752 1339 1803; x_wconf 71' lang='lat' dir='ltr'>quam</span> 
     </span>
     <span class='ocr_line' id='line_1_32' title="bbox 112 1807 1341 1859; baseline -0.003 -13"><span class='ocrx_word' id='word_1_248' title='bbox 112 1811 328 1859; x_wconf 85' lang='lat' dir='ltr'>justissuma</span> <span class='ocrx_word' id='word_1_249' title='bbox 345 1816 380 1847; x_wconf 88' lang='lat' dir='ltr'>et</span> <span class='ocrx_word' id='word_1_250' title='bbox 398 1811 569 1847; x_wconf 86' lang='lat' dir='ltr'>diuturna</span> <span class='ocrx_word' id='word_1_251' title='bbox 596 1810 659 1847; x_wconf 90' lang='lat' dir='ltr'>sit:</span> <span class='ocrx_word' id='word_1_252' title='bbox 689 1809 734 1846; x_wconf 92' lang='lat' dir='ltr'>de</span> <span class='ocrx_word' id='word_1_253' title='bbox 763 1815 797 1846; x_wconf 86' lang='lat' dir='ltr'>te</span> <span class='ocrx_word' id='word_1_254' title='bbox 825 1809 906 1858; x_wconf 88' lang='lat' dir='ltr'>ipso</span> <span class='ocrx_word' id='word_1_255' title='bbox 933 1809 1103 1858; x_wconf 77' lang='lat' dir='ltr'>primum,</span> <span class='ocrx_word' id='word_1_256' title='bbox 1131 1807 1218 1857; x_wconf 87' lang='lat' dir='ltr'>quia</span> <span class='ocrx_word' id='word_1_257' title='bbox 1244 1820 1341 1843; x_wconf 93' lang='lat' dir='ltr'>com-</span> 
     </span>
     <span class='ocr_line' id='line_1_33' title="bbox 118 1860 1339 1914; baseline -0.003 -14"><span class='ocrx_word' id='word_1_258' title='bbox 118 1864 303 1912; x_wconf 88' lang='lat' dir='ltr'>positurus</span> <span class='ocrx_word' id='word_1_259' title='bbox 323 1878 376 1910; x_wconf 89' lang='lat' dir='ltr'>es,</span> <span class='ocrx_word' id='word_1_260' title='bbox 395 1865 493 1914; x_wconf 89' lang='lat' dir='ltr'>quod</span> <span class='ocrx_word' id='word_1_261' title='bbox 510 1870 700 1913; x_wconf 88' lang='lat' dir='ltr'>optumum</span> <span class='ocrx_word' id='word_1_262' title='bbox 711 1863 812 1899; x_wconf 88' lang='lat' dir='ltr'>factu</span> <span class='ocrx_word' id='word_1_263' title='bbox 830 1868 899 1907; x_wconf 87' lang='lat' dir='ltr'>est,</span> <span class='ocrx_word' id='word_1_264' title='bbox 914 1862 1108 1898; x_wconf 88' lang='lat' dir='ltr'>existuma.</span> <span class='ocrx_word' id='word_1_265' title='bbox 1154 1860 1339 1910; x_wconf 88' lang='lat' dir='ltr'>Equidem</span> 
     </span>
     <span class='ocr_line' id='line_1_34' title="bbox 120 1914 1340 1967; baseline -0.005 -13"><span class='ocrx_word' id='word_1_266' title='bbox 120 1931 189 1967; x_wconf 86' lang='lat' dir='ltr'>ego</span> <span class='ocrx_word' id='word_1_267' title='bbox 206 1925 339 1955; x_wconf 86' lang='lat' dir='ltr'>cuncta</span> <span class='ocrx_word' id='word_1_268' title='bbox 355 1918 508 1967; x_wconf 85' lang='lat' dir='ltr'>imperia</span> <span class='ocrx_word' id='word_1_269' title='bbox 521 1916 696 1959; x_wconf 86' lang='lat' dir='ltr'>crudelia,</span> <span class='ocrx_word' id='word_1_270' title='bbox 723 1914 842 1965; x_wconf 80' lang='lat' dir='ltr'>magis</span> <span class='ocrx_word' id='word_1_271' title='bbox 867 1917 1013 1959; x_wconf 88' lang='lat' dir='ltr'>acerba,</span> <span class='ocrx_word' id='word_1_272' title='bbox 1032 1914 1143 1964; x_wconf 70' lang='lat' dir='ltr'>quam</span> <span class='ocrx_word' id='word_1_273' title='bbox 1157 1914 1340 1958; x_wconf 86' lang='lat' dir='ltr'>diuturna,</span> 
     </span>
     <span class='ocr_line' id='line_1_35' title="bbox 120 1967 1339 2021; baseline -0.005 -13"><span class='ocrx_word' id='word_1_274' title='bbox 120 1971 299 2017; x_wconf 60' lang='lat' dir='ltr'>arbitron</span> <span class='ocrx_word' id='word_1_275' title='bbox 341 1985 461 2020; x_wconf 90' lang='lat' dir='ltr'>neque</span> <span class='ocrx_word' id='word_1_276' title='bbox 507 1983 727 2021; x_wconf 85' lang='lat' dir='ltr'>quemquam</span> <span class='ocrx_word' id='word_1_277' title='bbox 763 1969 785 2006; x_wconf 71' lang='lat' dir='ltr'>a</span> <span class='ocrx_word' id='word_1_278' title='bbox 814 1968 940 2006; x_wconf 86' lang='lat' dir='ltr'>multis</span> <span class='ocrx_word' id='word_1_279' title='bbox 974 1967 1211 2005; x_wconf 87' lang='lat' dir='ltr'>metuendum</span> <span class='ocrx_word' id='word_1_280' title='bbox 1242 1979 1339 2007; x_wconf 88' lang='lat' dir='ltr'>esse,</span> 
     </span>
     <span class='ocr_line' id='line_1_36' title="bbox 119 2019 1339 2074; baseline -0.004 -14"><span class='ocrx_word' id='word_1_281' title='bbox 119 2025 208 2074; x_wconf 90' lang='lat' dir='ltr'>quin</span> <span class='ocrx_word' id='word_1_282' title='bbox 228 2025 274 2061; x_wconf 90' lang='lat' dir='ltr'>ad</span> <span class='ocrx_word' id='word_1_283' title='bbox 292 2039 374 2062; x_wconf 87' lang='lat' dir='ltr'>eum</span> <span class='ocrx_word' id='word_1_284' title='bbox 394 2039 439 2062; x_wconf 86' lang='lat' dir='ltr'>ex</span> <span class='ocrx_word' id='word_1_285' title='bbox 459 2024 580 2061; x_wconf 88' lang='lat' dir='ltr'>multis</span> <span class='ocrx_word' id='word_1_286' title='bbox 599 2023 753 2061; x_wconf 80' lang='lat' dir='ltr'>formido</span> <span class='ocrx_word' id='word_1_287' title='bbox 774 2022 935 2066; x_wconf 87' lang='lat' dir='ltr'>recidat;</span> <span class='ocrx_word' id='word_1_288' title='bbox 963 2035 1044 2058; x_wconf 88' lang='lat' dir='ltr'>eam</span> <span class='ocrx_word' id='word_1_289' title='bbox 1062 2021 1173 2058; x_wconf 89' lang='lat' dir='ltr'>vitam</span> <span class='ocrx_word' id='word_1_290' title='bbox 1200 2019 1339 2056; x_wconf 89' lang='lat' dir='ltr'>bellum</span> 
     </span>
     <span class='ocr_line' id='line_1_37' title="bbox 119 2073 1341 2128; baseline -0.005 -14"><span class='ocrx_word' id='word_1_291' title='bbox 119 2083 296 2114; x_wconf 83' lang='lat' dir='ltr'>aeternum</span> <span class='ocrx_word' id='word_1_292' title='bbox 323 2084 432 2128; x_wconf 88' lang='lat' dir='ltr'>atque</span> <span class='ocrx_word' id='word_1_293' title='bbox 460 2091 595 2127; x_wconf 87' lang='lat' dir='ltr'>anceps</span> <span class='ocrx_word' id='word_1_294' title='bbox 622 2090 770 2127; x_wconf 86' lang='lat' dir='ltr'>gerere:</span> <span class='ocrx_word' id='word_1_295' title='bbox 807 2075 980 2125; x_wconf 88' lang='lat' dir='ltr'>quoniam</span> <span class='ocrx_word' id='word_1_296' title='bbox 1006 2088 1126 2124; x_wconf 89' lang='lat' dir='ltr'>neque</span> <span class='ocrx_word' id='word_1_297' title='bbox 1152 2073 1341 2118; x_wconf 87' lang='lat' dir='ltr'>adversus,</span> 
     </span>
     <span class='ocr_line' id='line_1_38' title="bbox 120 2125 1339 2181; baseline -0.006 -13"><span class='ocrx_word' id='word_1_298' title='bbox 120 2145 240 2181; x_wconf 88' lang='lat' dir='ltr'>neque</span> <span class='ocrx_word' id='word_1_299' title='bbox 259 2133 306 2168; x_wconf 85' lang='lat' dir='ltr'>ab</span> <span class='ocrx_word' id='word_1_300' title='bbox 325 2137 443 2181; x_wconf 85' lang='lat' dir='ltr'>tergo,</span> <span class='ocrx_word' id='word_1_301' title='bbox 457 2137 521 2168; x_wconf 85' lang='lat' dir='ltr'>aut</span> <span class='ocrx_word' id='word_1_302' title='bbox 532 2131 722 2175; x_wconf 74' lang='lat' dir='ltr'>lateribus,</span> <span class='ocrx_word' id='word_1_303' title='bbox 742 2135 844 2166; x_wconf 88' lang='lat' dir='ltr'>tutus</span> <span class='ocrx_word' id='word_1_304' title='bbox 863 2129 911 2165; x_wconf 89' lang='lat' dir='ltr'>sis</span> <span class='ocrx_word' id='word_1_305' title='bbox 927 2143 936 2174; x_wconf 87' lang='lat'><em>3</em></span> <span class='ocrx_word' id='word_1_306' title='bbox 963 2141 1104 2177; x_wconf 88' lang='lat' dir='ltr'>semper</span> <span class='ocrx_word' id='word_1_307' title='bbox 1120 2127 1156 2163; x_wconf 90' lang='lat' dir='ltr'>in</span> <span class='ocrx_word' id='word_1_308' title='bbox 1175 2125 1339 2174; x_wconf 87' lang='lat' dir='ltr'>periculo</span> 
     </span>
     <span class='ocr_line' id='line_1_39' title="bbox 119 2178 1340 2235; baseline -0.005 -15"><span class='ocrx_word' id='word_1_309' title='bbox 119 2193 183 2221; x_wconf 84' lang='lat' dir='ltr'>aut</span> <span class='ocrx_word' id='word_1_310' title='bbox 209 2191 307 2222; x_wconf 86' lang='lat' dir='ltr'>metu</span> <span class='ocrx_word' id='word_1_311' title='bbox 334 2187 461 2235; x_wconf 84' lang='lat' dir='ltr'>agites.</span> <span class='ocrx_word' id='word_1_312' title='bbox 530 2182 680 2228; x_wconf 68' lang='lat' dir='ltr'>Contra,</span> <span class='ocrx_word' id='word_1_313' title='bbox 715 2183 779 2232; x_wconf 91' lang='lat' dir='ltr'>qui</span> <span class='ocrx_word' id='word_1_314' title='bbox 812 2182 1038 2232; x_wconf 81' lang='lat' dir='ltr'>benignitate</span> <span class='ocrx_word' id='word_1_315' title='bbox 1072 2185 1109 2217; x_wconf 83' lang='lat' dir='ltr'>et</span> <span class='ocrx_word' id='word_1_316' title='bbox 1146 2178 1340 2216; x_wconf 61' lang='lat' dir='ltr'>clementia.</span> 
     </span>
     <span class='ocr_line' id='line_1_40' title="bbox 116 2233 1339 2287; baseline -0.004 -14"><span class='ocrx_word' id='word_1_317' title='bbox 116 2238 311 2287; x_wconf 91' lang='lat' dir='ltr'>imperium</span> <span class='ocrx_word' id='word_1_318' title='bbox 343 2236 606 2287; x_wconf 75' lang='lat' dir='ltr'>temperavere,</span> <span class='ocrx_word' id='word_1_319' title='bbox 641 2236 696 2273; x_wconf 88' lang='lat' dir='ltr'>his</span> <span class='ocrx_word' id='word_1_320' title='bbox 731 2237 816 2273; x_wconf 83' lang='lat' dir='ltr'>laeta</span> <span class='ocrx_word' id='word_1_321' title='bbox 842 2241 878 2272; x_wconf 88' lang='lat' dir='ltr'>et</span> <span class='ocrx_word' id='word_1_322' title='bbox 905 2234 1060 2271; x_wconf 86' lang='lat' dir='ltr'>candida</span> <span class='ocrx_word' id='word_1_323' title='bbox 1086 2233 1207 2270; x_wconf 91' lang='lat' dir='ltr'>omnia</span> <span class='ocrx_word' id='word_1_324' title='bbox 1238 2233 1339 2277; x_wconf 87' lang='lat' dir='ltr'>visa;</span> 
     </span>
     <span class='ocr_line' id='line_1_41' title="bbox 117 2285 1339 2340; baseline -0.007 -11"><span class='ocrx_word' id='word_1_325' title='bbox 117 2294 226 2329; x_wconf 86' lang='lat' dir='ltr'>etiam</span> <span class='ocrx_word' id='word_1_326' title='bbox 245 2293 368 2328; x_wconf 82' lang='lat' dir='ltr'>hostes</span> <span class='ocrx_word' id='word_1_327' title='bbox 388 2291 584 2340; x_wconf 82' lang='lat' dir='ltr'>aequiores,</span> <span class='ocrx_word' id='word_1_328' title='bbox 612 2289 723 2339; x_wconf 68' lang='lat' dir='ltr'>quam</span> <span class='ocrx_word' id='word_1_329' title='bbox 750 2289 829 2326; x_wconf 88' lang='lat' dir='ltr'>aliis</span> <span class='ocrx_word' id='word_1_330' title='bbox 856 2289 968 2325; x_wconf 91' lang='lat' dir='ltr'>cives.</span> <span class='ocrx_word' id='word_1_331' title='bbox 1023 2286 1083 2323; x_wconf 87' lang='lat' dir='ltr'>An</span> <span class='ocrx_word' id='word_1_332' title='bbox 1112 2286 1174 2335; x_wconf 88' lang='lat' dir='ltr'>qui</span> <span class='ocrx_word' id='word_1_333' title='bbox 1201 2299 1258 2322; x_wconf 90' lang='lat' dir='ltr'>me</span> <span class='ocrx_word' id='word_1_334' title='bbox 1282 2285 1339 2321; x_wconf 90' lang='lat' dir='ltr'>his</span> 
     </span>
     <span class='ocr_line' id='line_1_42' title="bbox 118 2339 1338 2395; baseline -0.006 -13"><span class='ocrx_word' id='word_1_335' title='bbox 118 2347 225 2383; x_wconf 89' lang='lat' dir='ltr'>dictis</span> <span class='ocrx_word' id='word_1_336' title='bbox 245 2351 494 2395; x_wconf 88' lang='lat' dir='ltr'>corruptorem</span> <span class='ocrx_word' id='word_1_337' title='bbox 517 2343 681 2382; x_wconf 80' lang='lat' dir='ltr'>victoriae</span> <span class='ocrx_word' id='word_1_338' title='bbox 701 2349 790 2388; x_wconf 83' lang='lat' dir='ltr'>tuae,</span> <span class='ocrx_word' id='word_1_339' title='bbox 817 2340 1001 2391; x_wconf 82' lang='lat' dir='ltr'>nimisque</span> <span class='ocrx_word' id='word_1_340' title='bbox 1029 2341 1066 2377; x_wconf 92' lang='lat' dir='ltr'>in</span> <span class='ocrx_word' id='word_1_341' title='bbox 1093 2340 1210 2376; x_wconf 84' lang='lat' dir='ltr'>victos</span> <span class='ocrx_word' id='word_1_342' title='bbox 1238 2339 1338 2376; x_wconf 66' lang='lat' dir='ltr'>bona</span> 
     </span>
    </p>
   </div>
  </div>
 </body>
</html>
