1492 2531
668 71 809 99 tanx.

100 163 215 195 Licinii
228 163 341 195 tribuni
356 164 457 206 plebis
471 163 574 195 oratio
589 163 629 194 ad
650 163 716 204 ple-

140 207 224 243 bem,
243 210 313 238 192.

96 248 210 280 Literae
232 249 347 280 Manlii
363 250 402 280 ad
424 250 465 286 Q.
480 249 648 284 Marcium,
665 250 717 279 16.

140 292 287 324 Catilinae
303 292 340 323 ad
358 292 518 327 Catulum,
539 293 590 322 17.
634 292 713 322 Len—

140 336 198 366 tuli
213 336 253 366 ad
269 336 450 374 Catilinam,
465 338 517 366 21.
561 335 715 375 Scipionis

141 380 181 409 ad
198 379 377 419 Micipsam,
390 381 444 408 40.
479 378 659 408 Atherbalis
675 378 715 408 ad

140 421 300 458 Senatum,
316 423 367 452 50.
406 421 550 461 Pompeii
564 421 605 451 ad
618 421 714 451 Sena-

141 472 218 500 tum,
237 468 308 495 120.
348 464 546 495 Mithridatis
561 465 602 494 ad
620 464 715 494 Arsa-

141 518 221 543 cem,
236 510 308 538 127.

100 634 311 676 Magistratus
340 637 476 667 minores
506 635 622 677 vigiliis
663 645 718 676 per

143 679 250 710 urbem
277 687 442 719 praeerant,
467 681 518 709 15.
553 679 718 719 magistra-

144 728 231 752 tuum
254 722 392 763 insignia
413 723 431 752 a
451 722 561 753 Tuscis
581 728 716 763 sumpta,

143 767 195 795 ⁶27.

103 808 242 839 Mamilii
275 810 396 850 rogatio
420 815 529 840 contra
556 808 717 850 Jugurthae

143 851 292 887 fautores,
307 855 360 883 61.

104 893 305 925 Manastabal
335 894 513 925 Masinissae
536 895 618 925 filius
637 905 716 925 mor·

146 936 183 967 bo
198 938 380 973 absumitur,
397 940 451 969 38.

105 980 244 1011 Manlius
269 982 495 1020 conjuratorum
529 991 608 1010 unus
644 980 718 1010 belli

146 1023 280 1053 faciendi
296 1025 451 1064 princeps,
463 1027 514 1054 12.
524 1024 563 1054 ad
576 1025 616 1060 Q.
631 1024 716 1053 Mar-

145 1067 228 1096 cium
243 1077 347 1106 regem
363 1068 529 1107 epistolam
547 1066 654 1100 mittit,
669 1069 719 1097 16.

103 1108 244 1139 Manlius
259 1110 423 1140 Mantinus
439 1110 508 1140 trib.
527 1111 610 1150 pleb.
625 1111 675 1139 79.

103 1151 245 1182 Manlius
276 1153 448 1193 Torquatus
482 1153 563 1183 bello
592 1152 717 1183 Gallico

148 1195 241 1225 filium
259 1202 365 1225 contra
380 1196 546 1236 imperium
561 1196 592 1225 in
613 1196 718 1226 hostes

146 1246 336 1278 pugnantem
352 1240 455 1270 necari
465 1239 572 1280 jussit,
590 1241 642 1269 30.

105 1280 245 1311 Manlius
263 1282 359 1311 Marii
373 1282 504 1322 legatus,
520 1284 572 1312 88.

102 1324 243 1354 Manlius
258 1331 288 1354 et
305 1324 413 1364 Caepio
430 1326 512 1355 male
528 1336 598 1355 cum
615 1324 718 1356 Gallis

147 1367 331 1408 pugnarunt,
351 1371 422 1398 104.

104 1410 246 1440 Marcius
263 1411 332 1441 Rex
358 1411 496 1441 Faesulus
515 1417 624 1441 contra
643 1421 716 1441 con-

140 1453 260 1492 juratos
297 1453 422 1489 missus,
461 1457 511 1484 14.
553 1455 720 1494 respondet

149 1497 260 1526 Manlii
276 1497 430 1536 conjurati
446 1498 570 1538 legatis,
590 1500 638 1527 16.

101 1538 225 1569 Marius
240 1540 363 1570 Metelli
375 1541 508 1580 legatus,
525 1543 576 1570 64.
597 1541 718 1570 Siccam

145 1582 368 1613 frumentatum
397 1584 521 1618 missus,
552 1586 603 1613 70.
643 1583 717 1614 dum

147 1625 248 1656 Uticae
277 1627 444 1662 sacrificat,
478 1627 515 1656 ab
552 1627 719 1664 haruspice

141 1668 267 1708 jubetur
286 1670 391 1699 omnia
415 1680 562 1710 prospera
581 1679 717 1710 sperare,

146 1713 198 1740 74.
242 1711 354 1752 Arpini
377 1720 469 1743 natus
499 1720 530 1743 et
558 1712 718 1747 educatus,

146 1755 280 1784 militum
319 1756 509 1785 tribunatum
536 1757 637 1797 primo
665 1756 718 1786 ad-

146 1804 249 1837 eptus,
276 1798 351 1829 inde
382 1798 421 1828 ad
451 1800 530 1829 alios
566 1799 719 1839 gradatim

146 1841 348 1880 magistratus
363 1848 484 1872 erectus
499 1853 507 1879 3
530 1841 568 1872 ab
589 1842 721 1872 Metello

148 1883 276 1923 petundi
301 1884 401 1925 gratia
420 1885 600 1915 missionem
621 1892 720 1925 rogat.

147 1927 186 1956 ib.
210 1927 344 1958 Metello
359 1928 549 1958 dehortante
576 1927 719 1958 accendi-

151 1976 209 2004 tur,
241 1976 272 1999 et
302 1971 452 2002 adversus
477 1982 548 2000 eum
579 1971 721 2001 Gaudam

151 2013 299 2047 concitat,
322 2016 376 2045 75.
419 2014 437 2044 a
457 2014 592 2044 Metello
613 2013 723 2044 dimis-

151 2066 215 2094 sus,
237 2058 289 2086 79.
312 2058 506 2087 consulatum
533 2057 664 2093 obtinet,
694 2064 725 2086 et

153 2099 326 2138 Imperator
354 2099 505 2130 adversus
537 2100 724 2140 Jugurtham

153 2148 285 2177 creatur,
311 2145 362 2172 83.
386 2143 479 2173 habet
495 2144 670 2173 orationem
687 2143 723 2173 ad

151 2185 311 2224 populum,
337 2188 389 2218 85.
410 2187 442 2216 in
468 2186 608 2216 Africam
635 2186 723 2226 profi-

155 2227 290 2263 ciscitur,
325 2236 368 2263 et,
408 2229 534 2260 Uticam
563 2229 726 2263 advectus,

153 2272 321 2302 exercitum
358 2274 378 2303 a
417 2272 539 2302 Rutilio
581 2271 727 2303 traditum

1285 58 1361 96 171

794 160 918 201 accipit,
947 162 999 191 89.
1044 160 1182 201 Capsam
1211 159 1362 195 incendit,

794 206 845 234 91.
868 204 1094 244 castellumque
1116 203 1200 233 haud
1223 203 1316 243 longe
1343 203 1363 232 a

791 247 917 276 flumine
941 246 1093 277 Mutucha
1118 247 1212 276 situm
1235 245 1361 286 Liguris

791 289 951 330 cujusdam
966 289 1060 330 opera
1073 289 1168 329 capit,
1182 290 1232 323 92,
1244 290 1296 324 93,
1308 291 1361 320 94.

790 333 907 364 Bocchi
935 339 966 363 et
995 332 1156 374 Jugurthae
1193 333 1363 362 exercitum

790 377 837 406 bis
851 376 962 410 fundit,
983 378 1034 411 96,
1054 378 1104 410 97,
1121 377 1160 405 98
1198 374 1310 405 absens
1330 378 1364 406 fit

790 420 908 453 consul,
937 420 1135 459 Galliamque
1169 418 1363 457 provinciam

790 463 999 503 consequitur,
1016 470 1047 492 et
1062 461 1243 501 triumphat,
1261 464 1332 491 104.

748 507 923 539 Blasinissa
965 505 1175 535 Numidarum
1217 513 1282 539 rex,
1331 504 1364 534 in

792 549 961 582 amicitiam
994 549 1013 578 a
1036 548 1181 588 Scipione
1208 556 1364 588 receptus,

792 592 1069 632 Carthaginienses
1104 589 1212 625 vincit,
1247 597 1279 620 et
1307 590 1364 631 Sy·

791 638 923 678 phacem
948 635 1044 675 capit,
1071 635 1123 664 38.

750 680 902 714 Massiva,
918 678 1062 709 Gulussae
1074 677 1166 711 filius,
1183 675 1361 705 Masinissae

791 732 890 764 nepos
903 732 1031 761 regnum
1054 719 1212 749 Numidiae
1226 719 1363 754 affectat,

792 769 843 797 58.
865 765 1027 805 Jugurthae
1048 763 1136 803 jussu
1159 772 1214 802 per
1234 761 1367 792 insidias

791 810 1001 840 obtruncatur,
1018 809 1054 836 ib.

753 852 920 884 Memmius
947 851 1060 880 tribun.
1088 848 1170 888 pleb.
1200 846 1240 878 ad
1268 858 1365 888 popu-

792 896 855 925 lum
883 894 980 923 verba
1001 893 1084 926 facit,
1109 893 1162 922 54.
1186 890 1296 921 suadet
1322 891 1365 920 uti

791 938 946 978 Jugurtha
976 936 1111 965 Romam
1136 944 1193 974 per
1216 934 1365 964 Cassium

792 990 954 1021 praetorem
983 978 1199 1012 adduceretur,
1226 977 1365 1016 interpo-

793 1024 853 1054 sita
877 1023 935 1053 fide
955 1021 1090 1062 publica,
1115 1023 1167 1050 57.
1195 1020 1364 1051 adductum

793 1075 930 1100 accusat,
949 1066 986 1097 ib.

751 1111 902 1141 Metellus
924 1109 1060 1145 Quintus
1084 1106 1176 1137 Celer
1201 1112 1310 1146 praetor
1332 1105 1364 1136 in

792 1164 898 1193 agrum
916 1152 1066 1181 Picenum
1081 1150 1224 1184 mittitur,
1247 1151 1297 1179 15.

753 1197 901 1226 Metellus
956 1195 1091 1231 Quintus
1137 1192 1281 1224 Creticus
1331 1192 1365 1222 in

792 1240 940 1279 Apuliam
966 1237 1107 1271 mittitur,
1138 1239 1189 1266 14.

753 1282 904 1312 Metellus
926 1291 995 1312 cum
1024 1280 1132 1310 Silano
1157 1278 1266 1309 consul
1295 1278 1366 1308 Nu-

792 1325 922 1355 midiam
948 1331 1085 1357 sortitur,
1112 1324 1162 1352 6⁶2.
1195 1322 1314 1361 legatos
1345 1321 1364 1350 a

791 1368 948 1409 Jugurtha
965 1365 1004 1396 ad
1022 1376 1055 1395 se
1076 1365 1189 1395 missos
1203 1364 1366 1405 promissis

793 1413 833 1442 ad
860 1411 1048 1451 <Iugurtham
1084 1408 1143 1437 sibi
1177 1406 1365 1437 tradendum

793 1456 943 1489 hortatur,
968 1455 1019 1482 64.
1052 1452 1166 1482 Vaccae
1188 1449 1368 1491 praesidium

791 1499 936 1537 imponit,
987 1498 1037 1526 65.
1089 1505 1159 1524 cum
1214 1493 1367 1531 jugurtha

794 1548 922 1581 pugnat,
947 1541 998 1569 67.
1034 1538 1196 1578 Jugurthae
1217 1537 1296 1566 dotis
1320 1536 1367 1566 sa—

794 1585 920 1624 tigatus.
942 1582 1069 1612 Zamam
1097 1590 1277 1620 oppugnare
1306 1588 1368 1609 sta-

795 1629 864 1661 tuit,
881 1629 933 1656 70.
956 1625 1036 1666 quod
1052 1623 1123 1654 cum
1140 1623 1255 1653 frustra
1270 1630 1365 1658 esset,

795 1670 939 1704 discedit,
970 1670 1023 1697 73.
1060 1666 1269 1696 Bomilcarem
1299 1665 1368 1704 pol-

793 1712 1016 1743 licitationibus
1045 1708 1236 1750 aggreditur,
1260 1714 1293 1738 ut
1312 1708 1370 1738 Ju-

796 1757 935 1795 gurtham
976 1755 1081 1783 vivum
1126 1760 1180 1782 aut
1221 1759 1368 1781 necatum

795 1799 854 1829 sibi
875 1798 1022 1831 traderet,
1047 1798 1084 1827 2¹¹0.
1114 1794 1259 1835 superbia
1280 1794 1370 1824 infla-

796 1849 858 1877 tus,
887 1844 940 1871 75.
984 1840 1123 1869 Marium
1158 1840 1178 1867 a
1207 1838 1370 1868 consulatu

796 1884 931 1925 petendo
957 1882 1146 1917 dehortatur,
1172 1881 1209 1910 ib.
1234 1891 1271 1911 ac
1299 1888 1371 1910 tan-

798 1929 869 1958 dem
906 1925 1045 1961 dimittit,
1082 1927 1135 1955 79.
1178 1923 1371 1957 Vaccenses,

797 1970 984 2001 rebellantes
1022 1968 1192 2002 ulciscitur,
1230 1969 1284 2001 76,
1316 1968 1370 1997 77.

801 2015 912 2044 Romae
928 2011 1039 2052 capitis
1054 2011 1222 2041 arcessitur
1235 2010 1253 2039 a
1268 2009 1371 2049 plebe,

799 2060 850 2088 79.
876 2056 1031 2086 Numidas
1054 2054 1151 2094 fugat,
1174 2053 1372 2092 Thalamque

800 2111 860 2141 quo
895 2099 1051 2138 Juguitlia
1088 2096 1281 2136 confugerat,
1321 2097 1362 2125 80

800 2143 939 2173 maximo
967 2151 1036 2171 cum
1059 2140 1164 2169 labore
1194 2139 1290 2179 capit,
1322 2140 1373 2168 81.

802 2184 977 2224 Leptitanis
1004 2182 1185 2224 praesidium
1214 2181 1374 2211 orantibus

801 2230 943 2259 cohortes
985 2226 1135 2265 Ligurum
1176 2234 1307 2265 quatuor
1344 2231 1377 2253 et

802 2272 939 2303 Annium
967 2270 1149 2311 praefectum
1177 2268 1286 2303 mittit,
1325 2270 1378 2298 81.
