1492 2531
124 112 175 149 78
604 111 882 150 SALLUSTII

123 220 350 266 ceptumque
379 216 624 266 popularibus
662 217 761 254 suis:
793 217 857 266 qui
877 216 1098 266 plerumque
1125 217 1293 254 seorsum
1313 218 1360 255 ab

123 283 212 319 rege
232 270 434 307 exercitum
455 270 621 315 ductare,
636 275 673 307 et
705 269 825 307 omnis
841 284 900 307 res
937 271 1091 320 exsequi
1111 270 1241 308 solitus
1270 278 1362 317 erat,

124 336 209 372 quae
240 323 447 373 Jugurthae,
480 323 580 360 fesso
606 329 670 360 aut
705 324 907 373 majoribus
944 324 1134 370 adstricto,
1162 337 1363 373 superave-

125 382 231 423 rant3
259 390 305 413 ex
335 390 410 426 quo
447 376 499 412 illi
533 377 653 426 gloria
689 390 855 426 opesque
885 377 1058 414 inventae.
1115 377 1251 427 Igitur,
1272 378 1362 414 utri-

125 443 244 479 usque
283 430 450 474 consilio,
484 430 564 466 dies
597 430 740 466 insidiis
785 430 981 476 statuitur3
1027 436 1173 476 caetera,
1209 429 1265 468 uti
1302 445 1360 468 res

125 488 309 531 posceret,
347 497 394 520 ex
422 488 588 532 tempore
626 484 746 533 parari
778 483 932 533 placuit.
986 483 1180 521 Nabdalsa
1216 485 1264 520 ad
1298 492 1361 522 ex'-

125 537 281 573 ercitum
313 537 518 586 profectus,
554 550 665 586 quem
702 537 797 574 inter
817 537 984 587 hyberna
1016 538 1269 574 Romanorum
1283 538 1362 588 jus-

123 603 187 626 sus
224 590 397 636 habebat,
432 604 478 626 ne
515 604 616 640 ager,
652 590 778 627 inultis
811 591 996 634 hostibus,
1033 595 1249 627 vastaretur.
1322 592 1360 628 Is

122 642 336 693 postquam,
373 644 628 693 magnitudine
665 644 837 680 facinoris
887 643 1096 693 percuISUS,
1129 643 1177 679 ad
1213 649 1359 693 tempus

124 710 198 733 non
217 697 342 743 venit3
371 704 569 747 metusque
605 711 682 734 rem
717 697 974 746 impediebat3
1018 697 1217 739 Bomilcar,
1251 697 1360 734 simul

125 751 362 800 cupidinibus
400 751 548 800 incepta
565 751 750 800 patrandi,
783 756 820 788 et
852 751 982 787 timore
1015 751 1107 787 socii
1134 751 1278 793 anxius,
1299 750 1360 797 ne,

126 805 262 840 omisso
300 810 424 841 vetere
459 804 628 848 consilio,
661 818 798 841 novum
817 809 1013 854 quaereret,
1046 804 1188 841 litteras
1208 804 1256 840 ad
1275 818 1359 841 eum

124 871 193 906 per
222 858 389 894 homines
409 857 532 895 fidelis
551 858 683 895 mittit:
715 859 752 894 in
785 858 870 907 quis
903 857 1097 894 mollitiem
1131 858 1357 894 socordiam-

124 923 198 960 que
225 911 294 948 viri
309 924 514 962 accusare:
545 912 673 948 testari
693 911 797 955 deos,
816 926 884 960 per
903 925 997 960 quos
1028 912 1253 961 juravisset:
1285 925 1360 948 mo-

122 977 225 1008 nere,
251 963 298 1000 ne
336 965 487 1013 praemia
524 963 672 1001 Metelli
707 965 745 1001 in
780 971 925 1014 pestem
955 978 1061 1001 suam
1098 969 1355 1003 converteret:

121 1017 318 1068 Jugurthae
356 1019 509 1055 exitium
545 1018 703 1063 adesse3
748 1019 924 1055 caeterum
961 1018 1090 1063 suane,
1126 1030 1172 1054 an
1198 1017 1358 1064 Metelli,

120 1071 256 1107 virtute
295 1072 447 1121 periret,
470 1072 509 1108 id
544 1070 656 1107 modo
690 1071 846 1122 agitari3
874 1070 1029 1121 proinde
1065 1076 1254 1119 reputaret
1273 1084 1358 1108 cum

123 1125 245 1161 animo
277 1139 359 1169 suo,
395 1125 546 1174 praemia
581 1138 628 1161 an
647 1125 851 1161 cruciatum
883 1124 1021 1161 mallet.
1076 1124 1152 1160 Sed
1187 1123 1272 1160 cum
1304 1138 1358 1161 eae

119 1178 253 1215 litterae
289 1178 425 1223 allatae,
461 1178 558 1215 forte
591 1178 799 1223 Nabdalsa,
837 1178 1000 1215 exercito
1036 1190 1190 1226 corpore
1219 1178 1358 1224 fessus,

120 1233 158 1268 in
194 1231 292 1269 lecto
329 1233 566 1281 quiescebat3
595 1232 672 1277 ubi,
710 1233 868 1281 cognitis
888 1230 1107 1268 Bomilcaris
1130 1230 1268 1275 verbis,
1287 1233 1360 1280 pri-

121 1284 184 1322 mo
220 1299 323 1327 cura,
356 1286 453 1330 dein,
489 1285 544 1322 uti
564 1299 703 1334 aegrum
741 1286 903 1321 animum
932 1284 1041 1330 solet,
1077 1297 1226 1321 somnus
1246 1285 1357 1334 cepit,

120 1338 211 1392 Erat
244 1340 278 1375 ei
308 1339 475 1376 Numida
510 1340 661 1388 quidam
697 1339 932 1388 negotiorum
968 1342 1130 1382 curator,
1162 1337 1258 1374 fidus
1295 1352 1358 1374 ac-

123 1399 343 1442 ceptusque,
380 1398 416 1429 et
453 1394 615 1429 omnium
649 1393 900 1436 consiliorum,
936 1391 1007 1427 nisi
1024 1391 1240 1433 novissumi,
1278 1404 1359 1439 par-

122 1447 253 1495 ticeps.
343 1445 433 1491 Qui,
488 1445 687 1496 postquam
739 1446 868 1483 allatas
918 1444 1060 1481 litteras
1112 1443 1265 1489 audivit,
1312 1460 1358 1482 ex

117 1499 387 1537 consuetudine
423 1505 524 1537 ratus
560 1500 673 1550 opera
709 1505 773 1536 aut
802 1498 952 1549 ingenio
972 1512 1039 1535 suo
1077 1510 1171 1545 opus
1201 1510 1297 1542 esse,
1321 1499 1359 1535 in

121 1553 401 1590 tabernaculum
433 1554 584 1592 intro'it:
633 1553 839 1590 dormiente
885 1552 963 1598 illo,
1000 1550 1208 1601 epistolam,
1245 1564 1360 1601 super

121 1613 232 1656 caput
250 1608 288 1643 in
307 1606 458 1656 pulvino
479 1607 617 1645 temere
638 1607 811 1656 positam,
832 1606 958 1649 sumit,
995 1618 1037 1641 ac
1056 1603 1234 1654 perlegit3
1272 1606 1357 1642 dein

119 1660 296 1710 propere,
332 1662 490 1711 cognitis
526 1662 684 1707 insidiis,
714 1661 762 1696 ad
789 1674 915 1710 regem
951 1659 1084 1708 pergit.
1150 1657 1358 1702 Nabdalsa,

122 1713 209 1764 post
233 1712 347 1763 paulo
379 1720 633 1763 experrectus,
669 1714 733 1751 ubi
766 1727 886 1763 neque
924 1712 1115 1762 epistolam
1152 1714 1300 1761 reperit,
1320 1718 1356 1749 et

121 1782 200 1805 rem
237 1781 397 1813 omnem,
432 1774 471 1805 ut
507 1774 590 1805 acta
617 1775 708 1813 erat,
741 1781 786 1803 ex
806 1767 974 1817 perfugis
1011 1765 1210 1816 cog-novin
1238 1764 1356 1816 prim&

120 1822 278 1859 indicem
307 1823 483 1871 persequi
506 1828 686 1859 conatus:
717 1819 915 1870 postquam
946 1820 986 1856 id
1015 1819 1154 1856 frustra
1174 1820 1257 1866 fuit,
1291 1819 1351 1856 Ju-

120 1875 293 1927 gurtham
329 1875 502 1924 placandi
538 1876 659 1926 gratia
693 1875 858 1911 accedit:
903 1887 989 1923 quae
1022 1874 1103 1922 ipse
1136 1873 1355 1924 paravisset,

120 1929 276 1979 perfidia
313 1928 457 1965 clientis
496 1929 566 1975 sui,
601 1930 724 1966 facere
743 1933 954 1977 praeventa:
984 1927 1207 1970 lacrumans,
1234 1927 1356 1963 obtes-

121 1988 219 2020 tatur
255 1991 320 2030 per
351 1982 559 2025 amicitiam,
580 1996 721 2032 perque
759 1995 827 2018 sua
864 1980 973 2017 antea
992 1981 1151 2018 fideliter
1183 1985 1278 2023 acta,
1306 1978 1355 2015 ne

122 2049 235 2085 super
266 2034 331 2072 tali
367 2035 509 2073 scelere
548 2041 764 2084 suspectum
798 2048 880 2071 sese
902 2034 1065 2072 baberet.
1122 2034 1180 2071 Ad
1213 2046 1256 2069 ea
1274 2046 1353 2076 rex,

119 2090 215 2128 iliter
245 2094 356 2138 atque
376 2088 498 2126 animo
517 2091 685 2139 gerebat,
710 2088 855 2137 placide
873 2088 1076 2136 respondit.
1131 2086 1354 2131 Bomilcare,

121 2143 273 2191 aliisque
310 2141 447 2188 multis,
483 2156 578 2192 quos
598 2143 718 2179 socios
737 2142 954 2178 insidiarum
987 2146 1224 2191 cognoverat,
1244 2140 1355 2176 inte-1¹⁴

120 2196 242 2238 fectis,
279 2195 368 2231 iram
408 2201 654 2245 oppresserat,
684 2196 730 2232 ne
766 2194 841 2244 quel,
874 2208 920 2231 ex
953 2208 996 2231 eo
1033 2194 1181 2243 negotio
1221 2193 1353 2230 seditio

118 2251 284 2289 oriretur.
354 2247 491 2298 Neque
528 2254 614 2298 post
647 2249 687 2284 id
721 2249 887 2285 locorum
919 2247 1114 2296 Jugurthae
1151 2247 1242 2293 dies,
1290 2250 1354 2282 aut

120 2319 194 2342 nox
222 2301 308 2348 ulla,
341 2302 467 2351 quieta
484 2302 575 2339 fuit:
606 2315 728 2351 neque
745 2302 840 2345 loco,
860 2314 981 2350 neque
1000 2299 1146 2337 mortali
1166 2301 1353 2350 cuiquam,

120 2364 183 2396 aut
201 2355 370 2404 tempori,
389 2356 478 2394 satis
498 2356 673 2402 credere3
702 2354 794 2392 civis
814 2353 1007 2403 hostisque
1033 2353 1142 2404 juxta
1162 2359 1326 2390 metuere
1344 2367 1353 2397 ;
