1492 2531
134 146 161 182 4
602 147 874 187 SALLUSTII

136 262 244 299 reges
276 248 477 300 populique
505 249 648 286 finitimi
679 250 778 287 bello
808 256 968 287 tentare:
1008 251 1116 300 pauci
1153 264 1198 289 ex
1232 251 1359 289 amicis

138 302 272 340 auxilio
313 316 405 340 esse.
459 300 558 338 Nam
596 303 732 348 caeteri,
776 310 876 340 metu
920 304 1092 353 perculsi,
1120 303 1142 341 a
1183 305 1358 354 periculis

138 356 300 392 aberant.
366 355 416 392 At
461 354 632 401 Romani,
677 355 777 393 domi
820 357 1033 407 militiaeque
1077 358 1219 401 intenti,
1260 359 1361 396 festi-

136 421 236 452 nare,
265 422 406 458 parare,
443 407 533 445 alius
566 409 676 446 alium
712 410 859 456 hortari,
900 410 1068 448 hostibus
1099 411 1245 448 obviam
1288 412 1359 456 ire;

135 460 356 507 libertatem,
387 461 555 510 patriam,
583 468 828 512 parentesque
861 463 967 500 armis
983 469 1119 514 tegere.
1170 464 1276 511 Post,
1295 465 1361 501 ubi

138 515 301 564 pericula
337 515 466 551 virtute
499 515 734 564 populerant,
766 516 875 553 sociis
911 523 1021 566 atque
1061 517 1188 554 amicis
1225 517 1361 554 auxilia

138 570 358 617 portabant3
388 565 580 618 magisque
610 569 753 613 dandis,
786 569 896 619 quam
914 569 1140 619 accipiundis
1158 571 1364 615 beneficiis,

140 622 317 658 amicitias
351 621 546 670 parabant:
583 622 776 672 imperium
814 623 1032 674 legitimum,
1058 637 1192 661 nomen
1220 624 1364 673 imperii

141 675 283 724 regium
324 673 532 711 habebant:
579 675 726 720 delecti,
767 677 900 726 quibus
940 690 1073 725 corpus
1119 677 1223 713 annis
1265 677 1363 713 infir-

141 741 254 771 mum,
287 727 474 777 ingenium
516 727 696 777 sapientia
724 729 886 766 validum
917 735 1004 773 erat,
1038 729 1252 778 reipublicae
1280 743 1365 767 con-

142 780 340 817 sultabant.
394 781 458 825 Hi,
487 781 547 818 vel
583 788 703 829 aetate,
731 783 790 820 vel
821 797 919 819 curae
947 782 1199 829 similitudine,
1234 783 1365 820 Patres

142 833 437 883 appellabantur.
482 834 586 879 Post,
619 836 683 872 ubi
718 836 859 887 regium
894 836 1098 886 imperium,
1131 837 1232 886 quod
1261 836 1366 873 initio

141 888 405 924 conservandae
440 887 620 925 libertatis
657 895 765 939 atque
800 889 980 940 augendae
1032 889 1248 938 reipublicae
1287 889 1367 926 fue-

141 947 212 983 rat,
246 941 284 978 in
320 941 529 990 superbiam
554 942 910 993 dominationemque
946 942 1142 989 convertit3
1177 943 1366 979 immutato

141 1007 256 1038 more,
291 1007 413 1030 annua
445 994 610 1044 imperia,
640 996 745 1032 binos
768 997 1021 1046 imperatores,
1048 995 1119 1032 sibi
1149 995 1295 1032 fecere:
1322 1009 1368 1032 eo

142 1047 252 1084 modo
285 1046 433 1084 minime
465 1061 575 1097 posse
616 1050 795 1098 putabant
833 1063 899 1099 per
929 1049 1115 1086 licentiam
1143 1048 1367 1086 insolescere

143 1101 305 1137 animum
317 1101 530 1139 humanum.
587 1101 662 1138 Sed
681 1101 725 1139 ea
739 1108 959 1152 tempestate
980 1102 1127 1152 coepere
1149 1116 1189 1139 se
1208 1102 1368 1152 quisque

141 1153 263 1204 magis
302 1152 494 1205 magisque
523 1154 713 1201 extollere,
742 1156 1004 1206 ingeniumque
1036 1156 1072 1192 in
1106 1161 1278 1204 promptu
1306 1155 1370 1191 ha-

145 1208 253 1244 bere:
284 1221 368 1244 nam
404 1208 552 1257 regibus
587 1209 688 1251 boni,
720 1209 831 1259 quam
859 1209 959 1255 mali,
987 1209 1233 1258 suspectiores
1263 1213 1390 1244 sunt:-

147 1274 368 1311 semperque
398 1261 453 1297 his
473 1261 591 1298 aliena
612 1263 727 1298 virtus
745 1262 983 1300 formidolosa
1010 1268 1080 1300 est.
1133 1262 1206 1299 Sed
1227 1261 1371 1306 civitas,

146 1314 361 1352 incredibile
394 1320 597 1352 memoratu
613 1321 681 1359 est,
710 1316 845 1365 adepta
863 1316 1044 1361 libertate,
1072 1315 1249 1364 quantum
1267 1314 1372 1352 brevi

147 1368 326 1404 creverit:
365 1373 464 1404 tanta
503 1368 638 1417 cupido
684 1368 813 1418 gloriae
861 1370 1071 1413 incesserat.
1128 1367 1371 1417 Jamprimum

142 1421 331 1470 juventus,
367 1421 473 1458 simul
508 1421 644 1458 laboris
681 1436 723 1458 ac
754 1422 844 1459 belli
887 1422 1032 1471 patiens
1061 1426 1152 1466 erat,
1177 1421 1214 1457 in
1242 1420 1373 1457 castris

147 1488 215 1523 per
249 1488 356 1511 usum
386 1474 549 1511 militiam
582 1475 770 1519 discebat;
805 1474 996 1525 magisque
1024 1475 1062 1511 in
1091 1474 1234 1511 decoris
1262 1473 1373 1509 armis

147 1533 185 1563 et
211 1527 429 1564 militaribus
457 1530 574 1578 equis,
602 1527 715 1577 quam
742 1529 780 1565 in
805 1530 935 1566 scortis
964 1534 1073 1580 atque
1102 1527 1292 1570 conviviis,
1319 1526 1374 1562 lu-

148 1581 312 1617 bidinem
347 1581 520 1618 habebat.
575 1581 694 1631 Igitur
725 1582 860 1619 talibus
891 1582 975 1618 viris
1002 1595 1076 1618 non
1110 1580 1215 1618 labos
1250 1579 1373 1616 insoli-

147 1639 221 1676 tus,
248 1648 321 1671 non
348 1634 451 1671 locus
479 1634 575 1671 ullus
604 1648 714 1684 asper
740 1642 802 1672 aut
833 1636 968 1672 arduus
988 1640 1080 1672 erat:
1111 1648 1185 1671 non
1212 1640 1374 1670 armatus

148 1686 265 1724 hostis
301 1687 581 1725 formidolosus:
624 1689 737 1725 virtus
774 1689 896 1726 omnia
923 1689 1124 1725 domuerat.
1180 1686 1256 1723 Sed
1293 1685 1373 1735 glo-

150 1741 215 1776 riae
252 1754 464 1778 maxumum
484 1748 669 1779 certamen
687 1742 780 1779 inter
798 1743 900 1792 ipsos
919 1748 997 1778 erat
1013 1758 1021 1778 :
1055 1741 1212 1791 quisque
1231 1739 1375 1776 hostem

149 1793 271 1839 ferire,
307 1807 449 1833 murum
482 1795 694 1840 ascendere,
732 1795 894 1844 conspici
926 1795 1013 1831 dum
1045 1794 1116 1831 tale
1144 1793 1288 1830 facinus
1325 1792 1377 1828 fa·-

150 1853 261 1892 ceret,
293 1849 524 1897 properabat.
580 1849 652 1885 Eas
671 1849 828 1890 divitias,
845 1862 926 1885 eam
954 1849 1089 1885 bonam
1121 1846 1252 1883 famam
1270 1858 1374 1895 mag-

150 1913 309 1949 namque
352 1901 594 1948 nobilitatem,
636 1903 826 1950 putabant.
873 1901 1010 1938 Laudis
1055 1900 1167 1946 avidi,
1205 1899 1375 1948 pecuniae

149 1952 321 1990 liberales
355 1961 481 1993 erant:
519 1954 669 2005 gloriam
687 1955 886 2005 ingentem,
916 1954 1062 1992 divitias
1080 1954 1252 1990 honestas
1278 1951 1378 1989 vole·

151 2007 253 2045 bant.
310 2006 517 2045 Memorare
551 2021 712 2057 possem,
743 2008 878 2058 quibus
902 2008 944 2044 'in
970 2008 1061 2044 locis
1093 2019 1281 2044 maxumas
1312 2004 1377 2041 ho-

153 2060 263 2096 stium
283 2060 407 2109 copias
427 2061 586 2110 populus
620 2062 808 2099 Romanus
828 2060 944 2110 parva
971 2075 1078 2097 manu
1099 2059 1247 2104 fuderit,
1283 2070 1377 2108 quas

153 2113 277 2157 urbes,
309 2114 440 2150 natura
465 2115 636 2159 munitas,
662 2115 864 2164 pugnando
883 2116 1041 2164 ceperit:
1076 2113 1114 2150 ni
1140 2125 1183 2150 ea
1214 2125 1271 2148 res
1297 2111 1376 2147 lon-

153 2166 236 2216 gius
274 2179 342 2202 nos
371 2167 417 2203 ab
450 2166 611 2216 incoepto
645 2168 814 2205 traheret.
861 2168 938 2204 Sed
967 2166 1134 2217 profecto
1163 2166 1309 2202 fortuna
1340 2165 1377 2200 in

156 2219 255 2256 omni
273 2233 311 2256 re
339 2218 569 2256 dominatur:
612 2234 657 2257 ea
683 2235 742 2258 res
768 2226 933 2266 cunctas,
970 2234 1016 2258 ex
1043 2219 1209 2256 lubidine
1242 2215 1378 2267 magis,

155 2272 267 2322 quam
299 2285 345 2309 ex
376 2286 478 2318 vero,
507 2273 669 2310 celebrat
702 2275 956 2323 obscuratque.
1001 2271 1283 2309 Atheniensium
1318 2283 1378 2306 res

156 2333 285 2375 gestae,
326 2325 422 2362 sicut
453 2339 524 2377 ego
569 2327 765 2372 existumo,
799 2326 888 2364 satis
923 2325 1055 2376 amplae
1098 2324 1378 2376 magnificaeque

157 2378 272 2424 fuere,
297 2378 424 2428 verum
455 2379 643 2429 aliquanto
669 2381 828 2422 minores
847 2386 969 2419 tamen
998 2378 1110 2429 quam
1129 2378 1227 2416 fama
1259 2377 1380 2415 ferun-
