1492 2531
378 62 749 104 HISTORIARUM
781 58 1131 98 FRAGMENTA.
1285 57 1358 94 127

134 195 351 256 Epistola
377 193 524 255 Reyis
548 189 848 302 Miglridatis
871 189 1049 248 scripta
1085 187 1152 233 ad
1185 186 1359 247 Reyem

664 272 862 303 rsacem.

253 358 362 396 REX
389 354 761 394 MITHRIDATES
790 353 917 391 REG!
949 352 1135 390 ARSACI
1192 352 1229 388 S.

132 446 286 490 Omnes,
306 445 370 493 qui
400 443 570 480 secundis
599 443 710 478 rebus
731 441 806 477 suis
827 441 875 476 ad
892 439 983 476 belli
1012 439 1227 475 societatem
1247 452 1356 474 oran-

131 510 202 544 tur,
222 498 456 535 considerare
477 496 625 540 debent,
644 495 803 531 liceatne
823 499 901 529 tum
931 506 1062 542 pacem
1081 505 1204 538 agere.
1264 492 1358 528 Dein

131 552 232 601 quod
257 551 448 600 quaeritur,
469 548 606 586 satisne
638 549 755 598 pium,
786 553 921 591 tutum,
951 545 1168 595 gloriosum.
1187 559 1234 581 an
1252 545 1356 581 inde-

132 618 259 642 corum
277 604 334 640 sit.
390 603 490 649 Tibi,
509 603 539 638 si
570 599 755 652 perpetua
779 614 872 650 pace
892 600 961 636 frui
980 599 1119 642 liceret,
1138 599 1208 635 nisi
1236 599 1360 635 hostes

133 657 332 707 opportuni
351 662 387 693 et
415 655 694 700 scelestissumi,
714 654 865 704 egregia
894 653 1003 697 sama,
1029 653 1060 689 si
1089 652 1280 688 Romanos
1301 666 1363 700 op-

131 711 326 760 presseris,
345 711 469 746 futura
490 716 558 746 est.
616 707 751 756 Neque
778 713 902 755 petere
935 706 1092 742 audeam
1124 705 1363 751 societatem3

131 771 168 800 et
186 762 323 801 frustra
342 763 439 799 mala
456 776 538 799 mea
557 776 640 798 cum
656 762 728 798 tuis
756 761 865 797 bonis
884 759 1031 796 misceri
1050 773 1196 809 sperem
1213 775 1220 794 :
1251 766 1362 807 atque

131 832 189 861 ea,
209 831 292 866 quae
311 821 346 853 te
367 819 500 853 morari
518 829 629 865 posse
648 814 834 859 videntur,
849 814 903 849 ira
921 813 958 849 in
978 813 1175 862 Tigranem
1202 813 1362 848 recentis
1418 855 1421 858 ἱ

132 870 221 906 belii
258 876 295 907 et
330 883 422 907 meae
463 882 522 905 res
558 868 689 917 parum
726 880 930 917 prosperae,
968 866 999 903 si
1035 879 1123 902 vera
1168 872 1364 902 aestumare

131 924 249 963 voles,
279 921 451 959 maxume
479 922 736 958 hortabuntur.
790 920 858 957 Ille
877 921 974 956 enim
1003 919 1199 962 obnoxius,
1217 919 1364 968 qualem

131 982 171 1012 tu
199 976 315 1022 voles,
344 976 560 1013 societatem
592 975 773 1023 accipiet:
804 973 892 1010 mihi
922 975 1081 1017 fortuna,
1107 973 1233 1009 multis
1252 974 1363 1010 rebus

131 1032 282 1079 ereptis,
313 1043 420 1066 usum
452 1029 554 1065 dedit
579 1027 677 1065 bene
708 1027 912 1072 suadendi3
943 1032 992 1072 et,
1019 1026 1121 1076 quod
1148 1027 1366 1063 florentibus

132 1083 292 1131 optabile
330 1088 399 1125 est,
432 1095 502 1132 ego
539 1095 613 1118 non
649 1080 910 1117 validissumus
957 1081 1105 1129 praebeo
1139 1080 1365 1128 exemplum,

132 1150 206 1185 quo
234 1136 369 1172 recitus
397 1141 461 1172 tua
492 1148 706 1184 componas
763 1133 937 1183 Namque
966 1133 1157 1177 Romanis,
1188 1147 1273 1169 cum
1297 1147 1364 1169 na-

132 1189 309 1235 tionibus,
328 1188 491 1238 populis,
511 1189 664 1238 regibus
684 1187 839 1233 cunctis,
859 1201 933 1223 una
960 1188 1017 1233 (et
1045 1200 1089 1222 ea
1106 1189 1231 1233 vetus)
1254 1201 1367 1223 causa

133 1242 297 1278 bellandi
314 1249 383 1286 est,
414 1242 550 1291 cupido
580 1241 765 1290 profunda
792 1241 936 1289 imperii
966 1245 1003 1276 et
1031 1239 1263 1284 divitiarum;
1292 1239 1368 1289 qua

132 1295 293 1343 primum
308 1309 391 1332 cum
410 1309 498 1344 rege
519 1294 771 1331 Macedonum
790 1293 969 1342 Philippo
988 1292 1127 1329 bellum
1142 1292 1333 1343 sumpsere
1353 1308 1362 1338 3

134 1348 221 1384 dum
257 1349 277 1384 a
315 1348 682 1395 Carthaginiensibus
715 1348 991 1396 premebantur,
1023 1347 1221 1383 amicitiam
1255 1347 1368 1383 simu-

132 1401 265 1447 lantes,
295 1402 329 1439 ei
347 1402 630 1438 subvenientem
659 1401 885 1437 Antiochum
904 1400 1146 1437 concessione
1178 1400 1280 1436 Asiae
1301 1415 1368 1449 per

134 1455 260 1491 dolum
291 1453 480 1492 avertere:
527 1467 571 1491 ac
606 1467 707 1499 mox,
743 1459 899 1490 tractato
930 1452 1121 1503 Philippo,
1156 1454 1366 1491 Antiochus

133 1508 232 1544 omni
252 1508 306 1544 cis
325 1508 489 1545 Taurum
522 1521 612 1557 agro
633 1512 670 1544 et
688 1507 817 1544 decem
850 1506 1013 1543 millibus
1032 1506 1256 1543 talentorum
1277 1521 1364 1557 spo-

132 1560 241 1598 liatus
271 1567 340 1599 est.
395 1562 536 1598 Persen
560 1559 695 1598 deinde
726 1560 891 1610 Philippi
914 1560 1042 1606 filium,
1071 1567 1156 1610 post
1183 1561 1302 1597 multa
1331 1567 1368 1597 et

135 1615 235 1651 varia
269 1615 481 1658 certamina,
517 1615 617 1664 apud
664 1613 925 1651 Samothracas
963 1614 1053 1650 deos
1091 1620 1286 1662 acceptum
1329 1615 1367 1650 in

135 1666 261 1711 fidem,
298 1668 435 1712 callidi,
471 1673 508 1704 et
535 1672 743 1717 repertores
779 1667 960 1716 perfidiae,
995 1667 1081 1717 quia
1115 1674 1225 1715 pacto
1252 1669 1365 1704 vitam

133 1721 324 1765 dederant,
344 1721 534 1757 insomniis
559 1721 742 1758 occidere.
796 1720 1015 1763 Eumenem,
1043 1721 1148 1770 cujus
1168 1721 1367 1757 amicitiam

133 1773 296 1822 gloriose
330 1779 529 1820 ostentant,
550 1774 654 1810 initio
680 1773 877 1823 prodidere
905 1773 1105 1817 Antiocho,
1134 1775 1238 1822 pacis
1269 1789 1366 1812 mer-

133 1827 274 1864 cedem.
329 1826 434 1872 Post,
468 1827 634 1864 Attalum
672 1827 864 1864 custodem
896 1829 976 1877 agri
1009 1827 1146 1876 captivi
1182 1829 1363 1865 sumtibus

134 1886 170 1916 et
206 1881 439 1917 contumeliis
469 1894 515 1918 ex
553 1894 642 1930 rege
674 1881 931 1917 miserrumum
964 1894 1155 1917 servorum
1188 1881 1369 1925 effecere3

134 1934 379 1982 simulatoque
408 1934 521 1982 impio
553 1939 791 1978 testamento,
828 1933 943 1970 filium
983 1936 1062 1985 ejus
1099 1934 1367 1975 Aristonicum,

134 1987 221 2036 quia
255 1987 411 2036 patrium
437 2000 592 2037 regnum
621 1988 812 2036 petiverat,
843 1988 1003 2024 hostium
1023 2001 1122 2024 more
1148 2002 1214 2037 per
1244 1989 1366 2025 trium-

134 2040 247 2088 phum
281 2040 434 2077 duxere.
491 2041 584 2077 Asia
619 2041 666 2076 ab
712 2041 803 2090 ipsis
840 2042 995 2078 obsessa
1033 2047 1100 2078 est.
1154 2041 1366 2086 Postremo,

134 2098 247 2130 totam
290 2093 520 2144 Bithyniam,
568 2094 774 2130 Nicomede
831 2100 990 2140 mortuo,
1032 2094 1233 2144 diripuere,
1281 2096 1366 2132 cum

133 2145 230 2182 filius
261 2145 393 2192 Nusae,
422 2159 534 2195 quam
572 2147 739 2196 reginam
767 2147 1056 2196 appellaverant,
1089 2148 1236 2198 genitus
1268 2149 1367 2185 haud

135 2198 247 2234 dubie
287 2205 396 2236 esset.
449 2199 548 2235 Nam
579 2200 670 2249 quid
701 2213 772 2249 ego
801 2215 860 2237 me
902 2200 1113 2250 appellem?
1141 2215 1250 2251 quem
1293 2203 1365 2238 dis-

128 2252 297 2301 junctum
325 2252 491 2302 undique
511 2253 636 2302 regnis
664 2258 702 2290 et
732 2253 939 2291 tetrarchiis
971 2255 1018 2290 ab
1043 2254 1196 2303 imperio
1224 2269 1364 2299 eorum,

135 2305 222 2353 quia
241 2305 338 2342 fama
355 2311 433 2342 erat
453 2305 604 2343 divitem
633 2319 754 2356 neque
788 2307 1009 2344 serviturum
1035 2321 1132 2353 esse,
1152 2322 1221 2357 per
1246 2308 1365 2345 Nico·-
