1492 2531
393 37 611 77 BELLUM
639 36 698 75 JU
701 36 902 75 GURTHl
910 35 984 74 NU
989 33 1033 73 M
1038 63 1048 74 .
1290 32 1342 70 63

106 140 151 178 ad
181 140 334 188 bellum,
366 142 468 192 quod
498 147 669 191 gesturus
696 145 787 183 erat,
806 140 968 176 animum
986 137 1152 176 intendit.
1206 137 1343 187 Igitur,

107 195 275 232 diffidens
304 196 420 233 veteri
449 195 642 240 exercitui,
674 193 806 230 milites
835 193 1012 238 scribere,
1042 191 1218 241 praesidia
1236 191 1343 227 undi—

107 261 179 296 que
209 261 421 293 accersere3
461 262 574 293 arma,
604 248 692 293 tela,
718 261 850 296 equos,
883 252 920 283 et
949 252 1083 282 caetera
1101 245 1344 282 instrumenta

108 300 261 348 militiae,
292 315 448 350 parare3
494 302 542 338 ad
577 301 662 346 hoc,
694 307 940 337 commeatum
977 297 1139 344 affatim3
1185 297 1344 347 denique

108 354 243 398 omnia,
267 368 351 403 quae
387 355 424 391 in
454 355 555 391 bello
588 354 705 400 vario,
742 359 779 390 et
814 367 937 390 rerum
970 352 1171 389 multarum
1205 350 1344 401 egenti,

106 407 190 443 usui
219 421 302 444 esse
333 407 463 445 solent.
519 407 704 445 Caeterinn
733 407 779 443 ad
808 420 853 443 ea
882 406 1076 456 patranda,
1095 410 1246 442 senatus
1261 417 1347 440 auc-

106 460 269 504 toritate,
307 461 410 505 socii,
441 475 650 510 nomenque
685 459 875 504 Latinum,
907 465 942 496 et
956 473 1064 508 reges
1094 457 1190 495 ultro
1209 457 1346 495 auxilia

106 513 300 559 mittendo,
329 513 519 562 postremo
550 514 667 550 omnis
698 514 841 559 civitas,
871 526 1015 549 summo
1044 512 1166 548 studio
1200 511 1346 548 adnite-

106 567 227 604 batur.
284 568 427 617 Itaque,
457 582 503 605 ex
536 567 718 604 sententia
731 568 902 602 omnibus
934 567 1046 602 rebus
1073 565 1211 614 paratis
1245 578 1346 602 com-

105 620 323 669 positisque,
352 622 388 656 in
420 621 639 658 Numidiam
674 620 936 670 proficiscitur,
955 631 1090 667 magna
1109 632 1176 667 spe
1196 618 1346 663 civium,

107 672 190 709 cum
210 679 361 722 propter
379 673 469 711 artis
499 676 631 718 bonas,
661 674 741 710 tum
765 671 935 709 maxume
959 672 1061 722 quod
1079 671 1278 708 advorsum
1297 671 1350 706 di-

106 725 214 762 vitias
233 727 411 763 invictum
430 728 592 764 animum
612 729 767 777 gerebat
783 742 790 763 :
834 731 870 763 et
893 724 1046 763 avaritia
1064 727 1347 774 magistratuum

106 785 192 816 ante
220 779 259 816 id
287 785 432 830 tempus
462 781 499 817 in
524 780 705 817 Numidia
732 785 870 816 nostrae
900 793 989 827 opes
1021 784 1201 823 contusae,
1230 778 1348 815 hosti-

106 845 243 882 umque
275 840 394 871 auctae
423 839 536 870 erant.
604 834 692 879 Sed,
723 834 789 870 ubi
820 834 859 869 in
885 832 1051 869 Africam
1086 832 1200 877 venit,
1244 845 1349 868 exer-

107 885 202 922 citus
231 886 266 923 ei
292 888 448 924 traditur
479 886 501 923 a
534 887 601 937 Sp.
619 887 760 923 Albino
776 885 1014 935 proconsule,
1040 885 1152 929 iners,
1173 884 1347 928 imbellis,

106 952 228 988 neque
254 941 422 988 periculi,
437 954 558 990 neque
574 941 713 977 laboris
732 941 900 988 patiens;
935 938 1078 989 lingua,
1095 937 1209 987 quam
1223 951 1349 982 manu,

107 993 336 1041 promptior3
381 994 568 1044 praedator
600 1008 645 1031 ex
679 994 803 1037 sociis,
837 998 873 1030 et
903 992 985 1041 ipse
1015 992 1143 1040 praeda
1161 991 1347 1028 hostium:

107 1045 184 1081 sine
216 1046 371 1096 imperio
408 1052 445 1084 et
475 1048 659 1084 modestia
689 1047 850 1083 habitus.
915 1046 976 1082 lta
1008 1044 1224 1094 imperatori
1252 1058 1350 1082 novo

106 1097 192 1147 plus
208 1113 255 1135 ex
273 1101 380 1136 malis
398 1101 563 1137 moribus
580 1100 838 1140 solicitudinis,
868 1097 982 1148 quam
1000 1111 1046 1134 ex
1066 1096 1174 1147 copia
1194 1097 1351 1135 militum

107 1152 247 1198 auxilii,
282 1159 345 1190 aut
393 1155 501 1190 bonae
538 1154 633 1203 spei,
670 1153 885 1189 accedebat.
929 1151 1070 1189 Statuit
1103 1157 1226 1188 tamen
1264 1150 1352 1189 Me-

107 1204 230 1252 tellus,
266 1206 493 1256 quamquam
529 1212 565 1244 et
602 1208 815 1244 aestivorum
834 1212 982 1254 tempus
999 1204 1232 1241 comitiorum
1246 1217 1351 1241 mora

107 1257 353 1304 imminuerat,
395 1266 432 1297 et
476 1261 732 1309 expectatione
764 1260 919 1296 eventus
951 1258 1085 1294 civium
1120 1258 1264 1295 animus
1300 1258 1353 1295 in-

107 1316 227 1348 tentos
260 1314 426 1361 putabat,
452 1327 527 1350 non
562 1314 665 1362 prius
695 1312 835 1350 bellum
867 1312 1063 1361 attingere,
1092 1310 1219 1360 quam,
1237 1312 1350 1362 majo-

106 1377 188 1401 rum
207 1365 416 1414 disciplina,
435 1367 570 1403 milites
590 1367 757 1404 laborare
788 1366 987 1416 coegisset.
1043 1364 1143 1401 Nam
1171 1364 1350 1411 Albinus,

107 1416 198 1454 Auli
228 1420 350 1456 fratris
382 1421 658 1469 exercitusque,
688 1419 793 1457 clade
812 1419 1020 1469 perculsus,
1057 1416 1257 1467 postquam
1289 1419 1352 1456 de-

108 1477 275 1509 creverat
310 1487 384 1509 non
421 1474 547 1523 egredi
583 1471 787 1522 provincia,
823 1478 1003 1522 quantum
1038 1471 1217 1521 temporis
1256 1473 1353 1508 aesti-

108 1537 239 1561 vorum
265 1525 303 1562 in
321 1527 476 1575 imperio
508 1527 588 1571 fuit,
607 1527 825 1575 plerumque
844 1526 979 1563 milites
1000 1525 1035 1560 in
1054 1524 1198 1562 stativis
1218 1526 1349 1562 castris

108 1577 289 1625 habebat3
331 1581 402 1616 nisi
439 1580 523 1616 cum
543 1581 649 1626 odos,
669 1585 732 1617 aut
749 1579 875 1628 pabuli
891 1583 1049 1629 egestas,
1068 1578 1192 1615 locum
1208 1584 1350 1616 mutare

109 1632 324 1682 subegerat.
380 1632 455 1669 Sed
484 1647 606 1684 neque
641 1646 741 1669 more
770 1632 919 1669 militari
938 1631 1072 1682 vigiliae
1091 1631 1348 1670 ducebantur:

110 1683 165 1721 uti
211 1685 344 1735 cuique
383 1686 550 1730 lubebat,
590 1688 637 1723 ab
671 1686 786 1736 signis
823 1687 962 1723 aberat.
1031 1684 1150 1730 Lixae,
1181 1685 1352 1734 permisti

109 1751 194 1775 cum
242 1738 421 1777 militibus
465 1740 528 1776 diii
563 1738 764 1790 noctuque,
794 1741 1049 1790 vagaba11tur;
1095 1744 1131 1775 et
1167 1738 1350 1787 palantes,

109 1804 219 1841 agros
252 1797 409 1839 vastare,
440 1793 545 1830 villas
583 1806 813 1843 expugnare,
849 1793 995 1842 pecoris
1025 1797 1062 1831 et
1080 1792 1350 1840 mancipiorum

109 1846 256 1893 praedas
305 1851 490 1883 certantes
540 1860 679 1896 agere3
723 1859 840 1894 eaque
874 1852 1018 1883 mutare
1051 1858 1135 1881 cum
1170 1850 1351 1883 mercato-

109 1898 212 1935 ribus
246 1898 331 1935 vino
361 1899 571 1944 advectitio,
601 1905 638 1936 et
665 1900 747 1936 aliis
778 1900 933 1946 talibu53
978 1897 1352 1947 p1·ae†erea‚frumen-

110 1957 187 1988 tum
235 1951 384 2001 publice
427 1953 553 1989 datum
608 1954 777 1998 vendere,
814 1967 948 2002 panem
984 1955 1021 1989 in
1053 1952 1132 1988 dies
1168 1953 1347 1989 mercari:

109 2003 312 2053 postremo,
337 2018 584 2056 quaecumque
615 2007 687 2043 dici
719 2013 782 2044 aut
814 2007 904 2057 fingi
933 2012 1076 2057 queunt
1090 2005 1250 2055 ignaviae
1269 2005 1352 2042 lux-

109 2058 275 2108 uriaeque
322 2060 472 2108 probra,
507 2060 544 2095 in
580 2059 643 2096 illo
680 2061 845 2097 exercitu
880 2065 1014 2096 cuncta
1045 2058 1164 2105 fuere,
1206 2064 1243 2095 et
1278 2059 1351 2096 alia

111 2111 280 2159 ampliuS.
337 2113 411 2149 Sed
440 2112 476 2147 in
511 2111 555 2148 ea
604 2113 822 2151 difficultate
861 2112 1061 2150 Metellum
1097 2126 1172 2148 non
1211 2111 1348 2157 minus,

111 2164 223 2212 quam
253 2165 290 2201 in
322 2167 432 2202 rebus
470 2165 678 2212 hostilibus,
713 2180 888 2217 magnum
925 2172 962 2204 et
993 2167 1199 2215 sapientem
1231 2165 1350 2202 virum

111 2217 224 2254 fuisse
254 2219 485 2268 comperior;
533 2221 635 2256 tanta
681 2220 928 2269 temperantia
971 2220 1066 2256 inter
1111 2218 1350 2256 ambitionem

111 2270 363 2322 saevitiamque
409 2272 653 2311 moderatum.
724 2274 899 2322 Namque
935 2273 1057 2310 edicto
1094 2272 1213 2321 primo
1247 2273 1350 2322 adju·
