1492 2531
131 90 203 127 136
603 88 877 126 SALLUSTII

178 187 410 238 Septimium,
446 201 567 237 neque
599 188 733 233 animo,
752 201 874 238 neque
907 187 1047 238 lingua,
1084 186 1175 226 satis
1209 201 1354 240 compo-

124 249 209 280 tem.
267 241 383 278 Idem.

177 294 325 345 Vuigus
345 299 442 330 amat
467 293 556 330 fieri.
613 293 880 339 Quintilianus,
901 293 962 331 lib.
986 295 1037 332 ix.
1056 309 1088 332 e.
1110 295 1144 332 3.

175 348 265 385 Non
284 347 521 396 poeniturum.
578 346 849 392 Quintilianus.

176 401 382 451 Pompeius
418 414 502 436 cum
533 398 718 437 alacribus
751 400 858 444 saltu,
878 413 963 437 cum
998 401 1191 439 velocibus
1228 416 1350 446 cursu,

125 468 209 491 cum
242 454 372 491 validis
408 459 526 497 vecte,
547 454 723 491 certabat.
778 454 912 503 Neque
949 454 1045 491 enim
1081 454 1140 491 ille
1161 454 1268 492 aliter
1287 469 1352 504 po-

124 509 257 545 tuisset
292 520 360 557 par
395 520 475 543 esse
495 507 671 551 Sertorio,
707 507 777 543 nisi
797 521 836 544 se
857 512 893 544 et
928 507 1062 544 milites
1094 509 1350 558 frequentibus

124 561 308 615 exercitiis
343 560 626 609 praeparavisset
658 561 706 596 ad
736 560 874 610 praelia.
944 560 1132 610 Vegetius,
1151 562 1176 600 l.
1211 561 1235 598 i.
1269 575 1297 598 c.
1317 561 1351 598 9.

121 613 261 652 .ῙοΙιαη.
288 612 438 651 Samsb-

178 668 308 705 Cicero
328 667 495 704 caninam
529 666 754 711 facundiam,
773 671 814 702 ut
849 665 996 717 Appius
1025 666 1157 717 inquit,
1176 667 1353 705 exercuit.

124 721 365 759 Lactantius.

177 775 325 813 Primus
363 773 580 810 Graecorum
596 772 772 810 Achilles.
825 771 992 809 Servius.

181 827 490 880 Cupientissumis
508 827 614 877 legis.
671 826 884 863 Diomedes.

177 883 319 934 Magna
337 881 456 931 gloria
491 881 659 917 tribunus
678 879 835 916 militum
870 879 908 915 in
943 880 1128 929 Hispania
1160 880 1204 916 T.
1240 881 1350 918 Didio

123 941 338 989 imperante,
375 947 509 984 magno
542 948 612 970 usu
648 932 745 970 bello
781 932 960 978 Marsico,
979 940 1107 982 paratu
1131 933 1287 970 militum
1315 941 1351 971 et

122 1004 308 1031 asmorum
342 987 422 1024 fuit.
475 985 673 1036 Multaque
708 992 786 1022 tum
816 987 929 1022 ductu
964 988 1042 1037 ejus
1074 992 1212 1031 curata,
1232 986 1351 1036 primo

122 1061 188 1096 per
213 1041 494 1096 ignobilitatem,
529 1039 663 1077 deinde
697 1053 765 1088 per
798 1039 973 1075 invidiam
1004 1042 1223 1088 scriptorum
1259 1040 1353 1078 eele-

122 1102 226 1137 brata
259 1101 368 1134 sunt:
416 1094 582 1131 cominus
626 1093 757 1129 faciem
792 1105 897 1128 suam
947 1094 1169 1138 ostentabat,
1211 1092 1350 1142 aliquot

121 1151 290 1191 advorsis
326 1148 574 1190 cicatricibus,
611 1153 647 1183 et
665 1145 798 1183 effosso
831 1145 952 1183 oculo.
1026 1145 1112 1189 Quo
1146 1145 1208 1182 ille
1245 1147 1353 1184 deho-

120 1209 350 1244 nestamento
399 1201 562 1251 corporis
610 1198 785 1236 maxume
833 1198 1048 1236 laetabatur:
1109 1213 1228 1250 neque
1278 1199 1352 1236 illis

121 1261 268 1305 anxius,
302 1255 366 1307 qui
401 1255 543 1305 reliqua
595 1252 791 1303 gloriosius
837 1253 1030 1289 retinebat.
1107 1251 1155 1290 A.
1190 1251 1350 1296 Gellius,

119 1314 178 1351 lib.
200 1314 237 1351 ii.
269 1325 299 1348 ο.
321 1310 382 1348 27.

162 1367 332 1407 Curetes,
370 1363 458 1414 quia
492 1360 683 1410 principes
720 1358 951 1408 intelligendi
971 1359 1095 1395 divina
1108 1358 1353 1402 fuerunt‚ve—

108 1427 285 1459 tustatem
317 1417 372 1454 uti
409 1422 542 1453 caetera
574 1414 611 1450 in
647 1413 768 1462 majus
788 1418 1073 1461 componentem
1092 1411 1228 1449 altores
1245 1412 1350 1450 Jovis

108 1473 369 1512 celebravisse.
424 1467 658 1506 Lactantius
692 1471 729 1503 et
758 1464 937 1502 Isidorus.

162 1527 306 1566 Italiam
343 1525 578 1574 conjunctam
612 1519 750 1556 Siciliae
770 1524 917 1556 constat
935 1518 1071 1555 fuisse:
1103 1518 1170 1555 sed
1188 1519 1350 1556 medium

110 1582 271 1632 spatium
307 1584 370 1615 aut
408 1589 474 1626 per
506 1573 751 1612 humilitatem
802 1573 975 1609 obrutum
1024 1579 1082 1608 est
1130 1572 1250 1620 aquis,
1286 1579 1350 1609 aut

110 1641 262 1685 propter
294 1630 503 1682 angustiam
537 1628 707 1664 scissum.
764 1624 857 1662 Inde
895 1624 1080 1675 Rhegium
1110 1625 1351 1663 nominatum.

111 1689 290 1726 Isidorus.

164 1740 368 1789 Pompeius
401 1738 446 1773 de
466 1735 574 1772 victis
594 1733 774 1783 Hispanis
794 1736 934 1782 tropaea
951 1732 989 1768 in
1023 1731 1216 1781 Pyrenaeis
1247 1733 1348 1782 jugis

113 1794 312 1832 constituit.
366 1789 533 1828 Serviuv.

166 1849 287 1896 Atque
308 1845 408 1882 edita
443 1842 619 1890 undique,
639 1840 756 1877 tribus
793 1844 913 1875 tamen
941 1851 1025 1874 cum
1061 1837 1174 1874 muris
1194 1844 1231 1875 et
1248 1851 1350 1887 mag-

113 1903 168 1939 nis
190 1901 365 1938 turribus.
422 1896 609 1933 Donatus

166 1955 215 1991 Et
232 1955 270 1990 in
284 1951 422 2002 praeliis
443 1955 527 1986 actu
546 1952 751 1997 promptus
815 1945 927 1982 Idem.

167 2008 347 2045 Pactione
367 2003 503 2041 amisso
524 2001 658 2037 Publio
672 2000 805 2049 legato.
859 1999 979 2035 Idem.

167 2062 297 2111 Ipsum
319 2058 428 2095 Mare
448 2055 645 2092 Ponticum
665 2054 809 2090 dulcius
829 2051 942 2103 quam
968 2056 1114 2088 caetera.
1184 2050 1349 2087 Servius.

116 2115 348 2152 Priscianus.
402 2107 630 2147 Macrobius.

169 2167 287 2217 Equis
327 2165 427 2215 paria
446 2162 672 2210 operimenta
707 2165 830 2197 erant:
879 2172 963 2209 quae
995 2157 1109 2193 lintea
1145 2156 1271 2194 ferreis
1297 2157 1348 2194 la-

116 2222 224 2259 minis
243 2221 280 2256 in
300 2218 450 2256 modum
468 2215 605 2265 plumae
625 2214 892 2250 adnexueruut.
950 2210 1115 2247 Servius.

169 2275 299 2312 Rebus
319 2284 430 2321 supra
448 2274 575 2306 votum
595 2267 806 2303 fluentibus.
860 2265 979 2302 Idem.

175 2327 329 2374 AEnum,
348 2330 385 2363 et
403 2323 632 2367 Maroneam,
651 2327 688 2358 et
707 2321 801 2358 viam
821 2319 1025 2358 militarem.
1078 2315 1196 2354 Idem.
