1492 2531
429 39 649 80 BELLUM
668 37 1067 78 JUGURTHINUM.
1292 38 1342 75 59

109 143 308 195 postquam
327 142 448 181 Rome
470 157 652 194 egressus,
671 149 740 189 est,
772 143 899 187 fertur,
919 139 1020 190 saepe
1048 139 1181 176 tacitus
1214 137 1259 175 eo
1288 153 1342 176 re-

109 199 283 248 spicienS,
317 195 500 248 postremo
536 197 693 234 dixisse:
746 196 882 232 Urbem
916 193 1093 236 venalem,
1125 196 1161 229 et
1191 192 1340 229 matur&

105 252 328 302 perituram,
348 251 383 287 si
402 255 605 300 emptorem
624 249 808 287 invenerit
824 249 838 286 l

163 305 314 341 Interim
372 305 545 350 Albinus,
591 309 765 341 renovato
823 302 934 346 bello,
971 307 1217 340 commeatum
1278 299 1342 336 sti-

109 359 297 407 pendium,
330 357 487 407 aliaque,
515 371 600 407 quae
630 357 806 394 militibus
842 357 928 392 usui
961 356 1092 401 forent,
1125 351 1270 392 mature
1302 353 1340 388 in

109 411 273 447 Africam
291 417 459 460 portare3
488 425 530 447 ac
564 409 688 448 statim
706 410 785 459 ipse
819 410 1020 459 profectus,
1041 416 1093 454 ut,
1113 414 1196 445 ante
1230 406 1343 444 eomi-

107 464 172 510 tia,
193 465 310 513 (quod
338 471 484 514 tempus
520 464 618 501 haud
645 463 754 513 longe
791 464 948 508 aberam)
983 464 1107 507 armis,
1144 467 1208 498 aut
1243 459 1343 497 dedi-

108 517 220 562 tione,
258 523 321 554 aut
355 518 486 567 quovis
521 518 643 563 modo,
678 517 816 554 bellum
844 516 1052 553 conficeret.
1123 515 1177 552 At
1213 512 1344 551 contra

107 570 293 620 Jugurtha
322 572 464 608 trahere
507 571 641 617 omnia,
677 576 714 608 et
760 570 864 615 alias,
901 569 1033 605 deinde
1077 569 1181 613 alias,
1228 580 1342 603 morae

111 637 241 660 causas
271 626 413 670 sacere3
452 624 621 674 polliceri
653 624 887 668 deditionem,
906 637 948 659 ac
969 621 1103 659 deinde
1125 627 1264 658 metum
1297 618 1345 655 si-

110 677 269 713 mulare:
297 677 447 714 instanti
477 678 621 721 cedere,
641 684 677 714 et
706 675 818 726 paulo
843 681 939 725 post,
958 689 1005 713 ne
1034 676 1091 712 sui
1123 675 1342 716 diffiderent,

109 729 271 767 instare:
301 731 351 766 ita
380 730 471 767 belli
497 730 621 775 modo,
640 729 750 767 mods}
778 730 879 780 pacis
912 728 1028 775 mora,
1063 728 1253 765 consulem
1287 727 1345 763 lu-

111 783 270 820 dificare.
338 784 395 820 Ac
430 782 545 828 fuere,
583 785 648 834 qui
682 788 759 820 tum
811 783 990 819 Albinum
1039 782 1139 819 haud
1172 782 1343 831 ignarum

110 836 255 873 consilii
285 837 383 886 regis
419 837 704 874 existumarent:
743 850 863 886 neque
896 850 941 873 ex
968 837 1070 872 tanta
1106 834 1345 885 properantia

111 895 184 926 tam
221 890 331 927 facile
359 896 515 927 tractum
554 890 692 927 bellum
725 890 895 927 socordia
927 888 1060 940 magis,
1098 888 1211 938 quam
1245 887 1345 933 dolo,

111 943 313 980 crederent.
368 943 444 980 Sed
480 943 694 993 postquam,
714 944 857 992 dilapso
893 948 1074 992 tempore,
1112 942 1345 979 comitiorum

112 996 189 1033 dies
215 997 452 1041 adventabat,
488 997 662 1042 Albinus,
695 997 794 1034 Aulo
814 998 924 1033 fratre
943 997 978 1032 in
1017 996 1147 1033 castris
1180 1008 1345 1045 proprae-

110 1054 191 1087 tore
226 1050 369 1095 relicto,
406 1051 564 1087 Romam
612 1051 780 1087 decessit.
860 1050 917 1086 Ea
952 1054 1168 1098 tempestate
1213 1048 1345 1086 Romae

112 1103 354 1140 seditionibus
401 1104 608 1140 tribuniciis
646 1101 820 1140 atrociter
866 1103 1078 1152 respublica
1125 1102 1348 1150 agitabatur,

114 1155 158 1193 P.
193 1156 373 1192 Lucullus
409 1162 445 1192 et
476 1157 521 1193 L.
551 1156 712 1203 Annius,
745 1156 883 1194 tribuni
921 1156 1054 1205 plebis,
1090 1155 1347 1192 resistentibus

113 1209 282 1259 collegiS‚
325 1212 538 1247 continuare
577 1211 831 1259 magistratum
876 1210 1110 1246 nitebantur:
1158 1222 1242 1258 quae
1279 1207 1350 1243 dis-

113 1265 236 1299 sensio
255 1264 366 1299 totius
399 1264 485 1299 anni
517 1264 664 1300 comitia
688 1263 925 1312 impediebat.
981 1263 1038 1299 Ea
1056 1262 1160 1299 mora
1187 1263 1224 1297 in
1245 1274 1350 1310 spem

113 1316 297 1352 adductus
321 1315 456 1362 Aulus,
495 1318 623 1366 (quem
658 1322 924 1365 propraetorem
961 1315 998 1352 in
1031 1316 1162 1352 castris
1181 1314 1351 1352 relictum

113 1369 228 1418 supra
246 1370 438 1416 diximus)
460 1375 524 1406 aut
543 1370 765 1406 conficiundi
800 1369 907 1412 belli,
938 1374 1000 1405 aut
1031 1375 1169 1405 terrore
1208 1367 1348 1405 exerci-

113 1421 173 1458 tfis
209 1424 257 1459 ab
293 1436 379 1472 rege
412 1423 582 1472 pecuniae
607 1424 815 1473 capiundae,
850 1422 983 1459 milites
1014 1436 1141 1459 mense
1172 1421 1350 1458 Januario

115 1489 161 1511 ex
179 1475 356 1525 hybernis
389 1477 426 1512 in
456 1477 728 1526 expeditionem
759 1482 916 1521 evocat3
955 1477 1175 1526 magnisque
1213 1474 1353 1511 itineri-

114 1529 200 1572 bus,
235 1529 366 1578 hyeme
399 1530 544 1579 aspera,
582 1532 750 1579 pervenit
795 1530 842 1566 ad
877 1530 1054 1578 oppidum
1102 1527 1250 1572 Suthul,
1286 1528 1352 1564 ubi

115 1583 213 1630 regis
250 1583 414 1619 thesauri
449 1589 562 1620 erant.
617 1583 729 1628 Quod
761 1582 999 1633 quamquam,
1035 1588 1073 1619 et
1091 1581 1238 1619 saevitia
1261 1586 1354 1617 tem-

115 1635 229 1684 poris,
256 1641 292 1672 et
325 1637 599 1685 opportunitate
635 1637 720 1683 loci,
752 1650 873 1686 neque
910 1636 1006 1685 capi,
1036 1649 1155 1685 neque
1190 1635 1352 1671 obsideri

117 1694 289 1737 poterat;
318 1687 416 1737 (narn
454 1690 592 1726 circum
620 1704 780 1736 murum,
817 1691 928 1727 situm
961 1690 997 1725 in
1032 1688 1212 1739 praerupti
1248 1701 1353 1724 mon-

115 1741 162 1778 tis
195 1749 372 1787 extremo,
399 1742 579 1791 planicies
614 1743 747 1780 limosa
775 1743 1006 1793 hyemalibus
1036 1742 1142 1792 aquis
1174 1740 1351 1790 paludem

116 1795 253 1831 fecerat
269 1796 293 1846 :)
320 1801 454 1839 tamen,
483 1802 545 1833 aut
579 1797 772 1834 simulandi
810 1797 942 1847 gratia„
970 1794 1045 1845 quo
1082 1795 1162 1845 regi
1193 1795 1354 1832 formidi-

116 1861 201 1885 nem
231 1849 397 1893 adderet,
430 1855 494 1886 aut
529 1850 701 1899 cupidine
735 1864 870 1895 caecus,
902 1851 950 1886 ob
987 1850 1194 1893 thesauros,
1223 1848 1352 1898 oppidi

117 1902 300 1951 potiundi,
347 1902 471 1939 vineas
512 1917 637 1953 agere,
669 1917 844 1954 aggerem
879 1905 1019 1953 jacere,
1062 1902 1220 1951 aliaque,
1267 1915 1351 1951 quae

117 1955 268 2004 incepto
305 1955 387 1991 usui
422 1956 555 2002 forent,
591 1970 803 2006 properare.
878 1957 931 1994 At
965 1955 1162 2006 Jugurtha,
1201 1954 1353 2004 cognita

117 2008 280 2045 vanitate
329 2014 440 2058 atque
476 2009 660 2059 imperitia
703 2010 830 2061 legati,
869 2009 1050 2046 subdolus
1085 2010 1165 2060 ejus
1213 2021 1351 2058 ougere

118 2062 338 2098 amentiam:
386 2062 568 2099 missitare
605 2062 852 2113 supplicantis
896 2063 1065 2113 legatos:
1114 2063 1206 2112 ipse,
1245 2061 1351 2110 quasi

119 2114 355 2159 vitabundus,
392 2130 460 2165 per
509 2116 672 2153 saltuosa
717 2117 801 2154 loca
844 2122 880 2153 et
926 2117 1093 2153 tramites
1148 2115 1351 2152 exercitum

122 2166 281 2205 ductare.
338 2169 511 2218 Denique
544 2169 684 2206 Aulum
703 2184 769 2219 spe
797 2170 979 2219 pactionis
1013 2168 1186 2219 perpulit,
1204 2166 1274 2211 uti,
1294 2181 1351 2203 re-

119 2218 207 2256 licto
226 2221 395 2268 Suthule,
426 2223 463 2258 in
490 2223 635 2259 abditas
670 2224 838 2273 regiones
876 2237 968 2267 sese,
1000 2223 1113 2260 veluti
1145 2221 1353 2263 cedentem,

120 2272 407 2324 insequeretur:
437 2276 486 2313 ita
519 2276 657 2313 delicta
693 2277 893 2314 occultiora
925 2276 1041 2315 fuere.
1108 2273 1255 2313 Interea.
1291 2287 1357 2324 per
