1492 2531
134 92 183 130 92
607 90 882 130 SALLUSTII

131 193 219 231 lem.
294 192 470 243 Namque
508 193 607 231 haud
632 193 746 244 longe
782 194 806 231 ὲ,
841 195 992 232 flumine
1041 193 1238 239 Mulucha,
1274 195 1375 244 quod

133 246 329 296 Iugurthae
382 246 597 296 Bocchique
648 261 805 297 regnum
854 249 1104 299 disjungebat,
1157 253 1235 285 erat
1279 248 1377 285 inter

136 306 303 337 caeteram
337 300 524 350 planitiem
559 314 665 338 mons
694 315 843 348 saxeus,
872 302 1050 339 mediocri
1087 300 1254 344 castello,
1285 300 1376 338 satis

134 359 281 402 patens,
297 354 518 390 immensum
552 354 686 401 editus,
719 369 794 392 uno
826 361 1054 404 perangusto
1084 355 1187 392 aditu
1221 353 1373 392 relicto:

135 420 220 443 nam
253 407 376 442 omnia
404 412 550 449 natura,
581 407 681 445 velut
711 422 824 456 opere
853 414 964 457 atque
995 407 1177 451 consulto,
1197 420 1377 457 praeceps.

137 460 259 504 Quem
279 459 402 496 locum
422 459 580 504 Marius,
599 460 701 510 quod
728 461 780 498 ibi
812 461 911 511 regis
941 461 1105 498 thesauri
1132 467 1248 507 erant,
1282 474 1378 499 sum-

134 514 195 549 ma
215 513 250 549 vi
278 526 413 562 capere
439 513 615 551 intendit:
657 516 725 551 sed
757 528 800 551 ea
830 528 887 551 res
916 520 1028 558 sorte,
1061 513 1171 564 quam
1209 515 1378 559 consilio,

135 566 268 603 melius
287 572 405 615 gesta.
460 566 557 603 Nam
588 568 741 605 castello
775 568 938 605 virorum
969 577 1080 617 atque
1113 580 1298 605 armorum
1324 583 1380 605 sa-

134 619 183 656 tis
202 633 340 669 magna
359 620 428 663 vis,
449 626 485 656 et
512 620 699 664 frumenti,
730 627 767 658 et
795 622 879 658 fons
911 634 1039 670 aquae:
1071 621 1274 671 aggeribus
1305 628 1381 660 tur>

134 673 326 722 ribusque,
346 678 383 710 et
401 672 482 710 aliis
501 674 836 712 machinationibus
860 674 967 711 locus
985 676 1231 724 importunus,
1302 676 1381 713 Iter

135 727 419 763 castellanorum
447 733 648 776 angustum
680 728 898 771 admodum,
941 729 1126 777 utrimque
1167 729 1378 778 praecisum.

135 779 268 817 Vineae
307 793 392 817 cum
428 779 570 830 ingenti
609 782 774 830 periculo
813 780 952 819 frustra
999 783 1233 831 agebantur:
1278 796 1385 827 nam,

136 847 220 870 cum
251 846 304 870 eae
342 831 456 881 paulo
495 840 766 882 processerant,
795 835 871 884 igni
903 840 966 872 aut
996 835 1185 895 lapidibus
1216 849 1381 873 corrum-

137 887 332 935 pebantur.
399 886 540 924 Milites
572 902 694 937 neque
735 903 802 937 pro
840 903 951 938 opere
981 889 1196 931 consistere
1227 894 1382 939 propter

135 940 369 989 iniquitatem
387 938 485 976 loci:
531 955 652 991 neque
682 942 777 979 inter
804 943 929 978 vineas
956 941 1034 978 sine
1066 943 1231 991 periculo
1265 942 1383 978 admi-

135 994 293 1031 nistrare
317 1009 324 1030 ε
358 998 535 1042 optumus
554 995 714 1044 quisque
735 996 879 1037 cadere,
912 1001 975 1033 aut
1012 996 1196 1041 sauciari3
1237 995 1381 1033 caeteris

136 1053 257 1084 metus
296 1047 436 1094 augeri.
503 1047 556 1084 At
593 1047 753 1094 Marius,
790 1049 919 1086 multis
954 1048 1084 1085 diebus
1121 1054 1158 1085 et
1189 1049 1382 1086 laboribus

137 1100 384 1149 consumptis,
415 1100 547 1137 anxius
585 1101 727 1138 trahere
762 1116 846 1139 cum
878 1101 1000 1137 animo
1034 1115 1116 1147 SUO,
1149 1103 1382 1138 omitteretne

136 1153 344 1203 inceptum,
381 1153 558 1201 quoniam
595 1155 733 1192 frustra
769 1161 860 1199 erat,
895 1169 942 1191 an
974 1155 1160 1192 fortunam
1196 1154 1385 1205 opperire-

137 1213 211 1250 tur,
232 1220 308 1256 qua
339 1219 441 1255 saepe
471 1207 650 1258 prospere
676 1222 767 1246 usus
787 1210 917 1246 f.uerat
993 1208 1089 1252 Quae
1121 1222 1207 1245 cum
1244 1208 1383 1245 multos

139 1260 219 1296 dies
235 1265 442 1308 noctesque
463 1266 624 1298 aestuans
644 1263 827 1310 agitaret3
874 1261 968 1298 forte
991 1261 1142 1310 quidam
1175 1262 1308 1312 Ligus,
1337 1275 1384 1298 ex

139 1312 355 1351 cohortibus
402 1314 605 1351 auxiliariis
652 1315 759 1352 miles
808 1315 1017 1365 gregarius,
1047 1316 1176 1351 castris
1204 1320 1384 1364 aquatum

138 1380 328 1416 egressuS,
361 1366 463 1403 haud
489 1367 619 1418 procul
638 1369 684 1403 ab
714 1369 829 1406 latere
865 1368 1022 1410 castelli,
1051 1369 1153 1417 quod
1183 1369 1384 1405 advorsum

138 1419 395 1468 praeliantibus
415 1426 507 1464 erat,
535 1421 796 1458 animadvertit
827 1422 921 1458 inter
950 1434 1040 1458 saxa
1068 1427 1240 1470 repentes
1277 1421 1386 1458 coch-

139 1473 243 1510 leas:
273 1486 432 1522 quarum
453 1475 538 1510 cum
557 1488 668 1511 unam
699 1481 810 1524 atque
844 1475 1009 1521 alteram,
1046 1475 1131 1511 dein
1158 1474 1285 1523 plures
1321 1488 1387 1524 pe-

140 1532 247 1570 teret,
278 1528 402 1564 studio
423 1528 575 1575 legundi
598 1528 774 1578 paulatim
804 1527 923 1578 prope
949 1529 997 1564 ad
1022 1528 1226 1565 isummnm
1251 1527 1387 1565 montis

142 1593 318 1630 egressus
339 1587 406 1618 est.
462 1581 550 1625 Ubi,
570 1581 768 1631 postquzim
791 1581 1028 1619 solitudinem
1060 1581 1254 1625 intellexit,
1284 1595 1386 1618 more

142 1633 316 1670 humanae
353 1634 536 1684 cupidinis
566 1635 695 1685 ignara
726 1635 888 1679 visundi,
935 1635 1097 1671 animum
1133 1635 1255 1672 vortit.
1336 1634 1388 1670 Et

143 1686 238 1724 forte
267 1686 305 1722 in
335 1701 378 1725 eo
400 1689 482 1725 loco
506 1689 658 1737 grandis
687 1689 762 1725 ilex
788 1688 976 1725 coaluerat
1001 1688 1097 1724 inter
1126 1701 1228 1731 saxa,
1256 1687 1388 1737 paulu-

143 1740 220 1777 lum
252 1740 365 1777 mode>
390 1755 520 1791 prona,
550 1742 634 1778 dein
661 1743 770 1786 flexa,
801 1748 913 1791 atque
944 1748 1054 1779 aucta
1080 1741 1116 1776 in
1141 1741 1385 1783 altitudinem,

144 1792 222 1843 quo
252 1800 387 1831 cuncta
423 1796 655 1845 gignentium
698 1803 832 1833 natura
849 1796 941 1833 fert:
983 1795 1091 1844 cujus
1126 1796 1235 1831 ramis
1261 1792 1388 1839 modo,

144 1845 258 1884 modo
287 1848 536 1886 eminentibus
570 1850 683 1894 saxis,
716 1850 820 1886 nisus
859 1848 989 1898 Ligus,
1023 1847 1167 1884 castelli
1198 1847 1388 1896 planitiem

144 1901 366 1950 perscribit3
425 1900 526 1951 quod
565 1903 690 1939 cuncti
721 1902 896 1939 Numidae
948 1902 1079 1939 intenti
1132 1900 1387 1950 praeliantibus

146 1954 310 1991 aderant.
368 1955 584 2004 Exploratis
615 1955 802 1999 omnibus,
836 1968 921 2004 quae
951 1968 1036 1992 mox
1069 1955 1151 1992 usui
1168 1956 1242 1990 sore
1274 1954 1390 1990 duce-

145 2008 224 2050 bat,
253 2006 385 2044 eodem
414 2008 633 2057 regreditur,
671 2022 746 2046 non
777 2009 928 2055 temere,
964 2014 1005 2045 ut
1034 2007 1289 2052 adscenderat,
1321 2006 1389 2043 sed

147 2065 294 2097 tentans
317 2061 439 2098 omnia
476 2067 512 2099 et
549 2062 863 2112 circumspiciens,
942 2062 1075 2111 Itaque
1107 2060 1268 2097 Marium
1304 2073 1391 2108 prom

148 2112 235 2162 pere
265 2113 370 2160 adit;
416 2121 498 2151 acta
551 2116 709 2160 edocet;
751 2116 931 2162 hortatur,
978 2117 1024 2151 ab
1060 2115 1105 2151 ea
1151 2118 1270 2163 parte,
1314 2113 1390 2162 qua

147 2167 227 2215 ipse
265 2163 523 2213 descenderat,
544 2169 739 2206 castellum
754 2175 893 2216 tentet3
934 2168 1129 2218 pollicetur
1148 2179 1229 2203 sese
1248 2165 1390 2202 itineris

148 2220 377 2270 periculique
415 2223 559 2259 ducem.
614 2221 760 2260 Marius
799 2236 883 2261 cum
918 2223 1057 2270 Ligure
1091 2219 1279 2269 promissa
1310 2219 1390 2269 ejus

150 2274 340 2323 cognitum
375 2289 421 2312 ex
454 2276 701 2325 praesentibus
734 2276 858 2314 misit:
915 2287 1087 2326 quorum,
1122 2272 1177 2311 uti
1207 2273 1389 2324 cujusque
