1492 2531
332 70 706 110 HISTORIARUM
732 70 834 108 FRA
840 71 1063 109 GMENTA
1069 100 1077 108 .
1245 70 1318 108 113

89 189 209 227 neque
228 174 348 213 minus
375 175 510 225 gravis,
537 175 603 211 sed
631 174 825 234 multiplex
853 188 941 211 cura
966 180 1090 224 patres
1110 173 1317 211 exercebat.

88 228 254 268 Servius.
308 228 459 266 Blarius
482 227 731 266 Victorinus
717 242 758 264 in
775 227 1000 265 Ciceronem.

142 282 329 321 Obviam
319 297 371 319 1re
391 290 427 319 et
445 282 620 319 commori
635 282 816 319 hostibus.
869 280 1095 319 Arusianus.
1152 278 1316 320 Messus.

140 336 304 386 Lepidus
323 336 505 386 poenitens
524 335 679 373 consilii.
733 334 859 372 Caris.
881 335 903 372 l.
923 335 973 374 iii.

139 389 202 426 Sic
220 387 322 435 vero,
352 390 458 439 quasi
474 389 667 426 formidine
687 389 875 433 attonitus,
894 402 1015 438 neque
1033 388 1168 433 animo,
1193 400 1315 437 neque

86 443 249 489 auribus,
277 448 341 479 aut
364 441 505 493 lingua,
533 448 755 491 competere.
809 441 981 479 Nonius.-
1011 441 1241 491 competere,
1260 440 1317 478 rei

86 495 258 547 cujusque
275 496 499 540 meminisse,
520 500 587 532 aut
606 500 819 533 constanter
837 495 973 533 valere.

137 549 306 587 Prudens
327 550 501 593 omnium,
520 563 605 599 quae
624 555 772 586 senatus
792 554 995 586 censuerat.
1049 546 1283 585 Arusianus.

137 603 288 653 Magnis
317 604 492 653 operibus
520 603 722 651 profectus,
749 603 928 653 oppidum
957 602 1066 651 cepit,
1095 615 1162 650 per
1180 601 1226 641 L.
1247 602 1316 639 Ca-

82 655 224 693 tilinam
240 657 413 706 legatum.
465 657 610 693 Festus.

136 710 340 747 Domitium
371 709 630 759 proconsulem
659 722 704 746 ex
732 707 901 745 Citeriori
926 707 1113 758 Hispania
1138 722 1221 745 cum
1240 721 1314 745 om-

84 763 191 800 nibus
211 764 340 813 copiis,
359 777 451 812 quas
470 768 678 813 paraverat,
696 763 898 799 arcessivit.
961 761 1089 799 Prisc.
1106 760 1130 800 l.
1151 776 1186 799 x.
1236 760 1313 799 Ar-

84 816 246 862 cessivit,
265 816 403 867 inquit,
431 822 466 854 et
485 815 682 854 lacessivit.

137 875 294 908 Sanetus
322 870 440 916 aliter,
468 876 505 907 et
534 869 679 918 ingenio
707 868 864 906 validus.
921 867 1044 905 Caris.
1065 868 1088 905 l.
1106 868 1130 906 i.
1185 866 1313 905 Aliter

77 935 148 973 pro
168 922 278 961 alias.

136 977 236 1014 Gens
255 975 338 1014 raro
357 990 505 1026 egressa
522 975 606 1013 finis
626 989 726 1013 suos.
782 975 889 1013 Serv.
910 975 961 1012 ad
973 975 1034 1013 lib.
1051 975 1099 1013 xi.
1153 975 1313 1013 AEne'c'cl.

81 1028 310 1068 Arusianus.
363 1031 407 1067 M
411 1044 519 1067 essus.

133 1084 218 1120 Nisi
236 1084 320 1121 cum
337 1085 391 1120 ira
408 1083 498 1121 belli
516 1083 759 1121 desenuisset.
813 1081 942 1119 Prisc.
964 1081 986 1119 l.
1004 1094 1042 1118 Χ.

133 1137 415 1174 Maturaverunt
442 1138 644 1174 exercitum
672 1136 919 1187 Dyrrachium
949 1149 1095 1185 cogere.
1151 1132 1314 1172 Arusia-

79 1204 157 1227 nus,
210 1190 369 1228 Messias.

132 1242 206 1281 lll&
225 1245 427 1293 profectus,
449 1244 566 1289 vicos,
590 1242 814 1293 castellaque
835 1243 1044 1288 incendere,
1059 1247 1108 1287 et,
1127 1242 1218 1292 fuga
1236 1241 1315 1279 cul-

79 1302 199 1334 torum
218 1298 376 1343 deserta,
403 1297 481 1347 igni
507 1302 674 1333 vastare:
704 1310 826 1346 neque
847 1296 957 1342 elato,
984 1302 1047 1332 aut
1074 1309 1204 1331 securo
1229 1309 1311 1333 esse

78 1350 213 1394 animo,
241 1357 342 1388 metu
369 1351 491 1402 gentis
520 1350 567 1386 ad
585 1351 681 1386 furta
698 1349 787 1386 belli
805 1350 1032 1399 peridoneae.
1087 1348 1185 1386 Non.
1204 1348 1310 1387 Serv.

80 1403 133 1440 ad
148 1404 196 1440 xi.
217 1404 416 1441 AEne'i'dos.

131 1456 276 1495 Liberis
294 1459 371 1508 ejus
391 1457 596 1495 avunculus
616 1463 706 1495 erat.
778 1455 954 1493 Donatus
973 1455 1025 1493 ad
1041 1454 1312 1492 Phormionem

80 1509 258 1548 Terentii.

130 1563 234 1601 Nihil
252 1566 299 1602 ob
319 1570 458 1603 tantam
475 1565 682 1602 mercedem
701 1563 773 1601 sibi
791 1563 1020 1601 abnuituros.
1082 1560 1311 1600 Arusianus.

77 1613 237 1654 Messus.

130 1669 308 1708 Insanum
339 1671 445 1708 aliter
473 1686 541 1709 sua
569 1671 753 1709 sententia
780 1677 891 1721 atque
922 1669 1078 1707 aliarum
1102 1668 1311 1709 mulierum.

79 1721 201 1761 Caris.
219 1723 244 1761 l.
262 1725 285 1761 i.
338 1723 464 1762 Aliter
475 1738 550 1776 pro
570 1723 679 1762 alias.

128 1776 226 1814 Solis
246 1778 326 1815 viis.
379 1778 570 1825 Donatus,
593 1772 753 1816 Pliorm.
775 1783 839 1815 act
858 1793 892 1816 v.
911 1789 1008 1816 scen.
1026 1777 1062 1816 8.

127 1830 242 1868 Jussu
288 1831 431 1868 Metelli
476 1832 682 1869 cornicines
719 1836 984 1869 occanuerunt.
1063 1829 1309 1878 Priscianus,

77 1881 139 1921 lib.
158 1897 193 1922 X.
247 1883 415 1929 Servius,
433 1886 469 1923 ii.
493 1885 634 1937 Georg.
658 1885 767 1936 Virg.
822 1884 950 1922 Dioni.
968 1883 1032 1923 lib.
1044 1885 1068 1921 i.
1087 1897 1168 1935 cap.
1185 1885 1232 1923 iv.

128 1937 273 1975 Nexuit
292 1943 433 1975 eatenae
449 1939 574 1976 modo.
628 1938 760 1976 Prisc.
780 1938 804 1977 l.
825 1953 861 1978 Χ.

128 1990 271 2029 Doctus
290 1991 469 2029 militiam.
522 1991 751 2030 Arusianus.
804 1993 963 2029 BIessus.

127 2043 262 2095 Neque
282 2059 322 2081 se
340 2045 505 2094 recipere
524 2052 588 2083 aut
605 2046 787 2084 instruere
812 2045 943 2096 proelio
963 2045 1125 2097 quivere.
1178 2046 1308 2086 Prisc.

76 2093 138 2133 lib.
155 2111 190 2134 x.

75 2149 226 2239 Iquui
260 2152 338 2189 sine
372 2157 516 2189 rectore
553 2153 715 2190 exterriti
759 2158 823 2189 aut
867 2153 983 2190 saucii
1018 2160 1310 2192 consternantur.

125 2216 194 2248 em,
221 2204 245 2242 l.
265 2206 312 2243 iv.

128 2255 412 2308 Occupatusque
442 2257 546 2295 collis
562 2259 800 2296 editissumus
822 2260 922 2309 apud
942 2260 1149 2308 Hilerdam,
1168 2267 1205 2299 et
1223 2275 1308 2299 cum

75 2308 191 2347 multa
208 2312 322 2361 opera
339 2312 575 2350 circumdata.
633 2311 867 2360 Priscianus,
886 2313 909 2351 l.
927 2329 964 2353 v.
