1492 2531
352 122 567 161 BELLUM
596 121 1003 161 CATILINARIUM.
1242 123 1292 161 23

64 229 134 267 tori
167 227 370 266 traduntur.
434 225 580 263 Interea
614 225 757 276 plebes,
805 223 1081 273 (conjuratione
1128 224 1292 272 patefac-

64 284 121 327 ta)
159 295 256 331 quae,
299 277 418 328 primo
468 280 604 329 cupida
648 292 768 315 rerum
814 292 1006 324 novarum,
1049 277 1158 313 nimis
1193 277 1293 315 bello

63 336 225 379 favebat,
253 332 393 369 mutata
426 339 559 378 mente,
602 332 769 368 Catilinae
809 331 963 369 consilia
1001 331 1198 375 exsecrari,
1237 332 1296 368 Ci-

63 401 235 426 ceronem
269 386 315 422 ad
351 385 483 422 coelum
521 386 671 431 tollere;
707 385 820 422 veluti
856 399 902 422 ex
944 384 1116 421 servitute
1155 390 1295 433 erepta,

63 441 238 491 gaudium
269 445 379 488 atque
415 439 577 476 laetitiam
615 440 814 489 agitabant.
886 437 1059 487 Namque
1098 437 1171 474 alia
1206 438 1296 475 belli

62 495 226 531 facinora
252 493 390 542 praedae
434 491 566 542 magis,
606 491 720 541 quam
760 491 993 537 detrimento,
1029 492 1129 535 fore;
1174 493 1298 528 incen-

64 548 165 584 dium
200 543 286 583 vero
322 545 482 590 crudele,
518 546 813 590 immoderatum,
849 559 892 581 ac
928 545 998 581 sibi
1030 543 1201 582 maxume
1239 558 1298 581 ca-

63 600 273 637 lamitosum
318 599 494 647 putabat;
535 599 673 648 quippe
719 599 779 635 cui
815 612 942 635 omnes
987 599 1105 648 copiae
1148 601 1184 635 in
1226 611 1295 635 usu

64 653 280 703 quotidiano
300 658 336 688 et
364 652 463 688 cultu
493 652 658 701 corporis
687 657 800 688 erant.
856 651 949 688 Post
977 665 1061 688 eum
1089 653 1186 689 diem
1215 652 1296 701 qui·

64 708 149 744 dam
181 704 223 743 L.
249 705 473 754 Tarquinius
492 705 540 741 ad
567 711 735 742 senatum
763 705 945 742 adductus
966 710 1066 741 erat:
1107 719 1232 755 quem,
1251 705 1298 741 ad

66 759 262 797 Catilinam
298 759 605 807 proficiscentem,
643 772 688 795 ex
724 758 853 795 itinere
896 764 1093 795 retractum
1139 759 1298 795 aiebant.

66 813 229 850 Is.ci1m
264 825 302 848 se
337 811 474 848 diceret
506 811 551 848 de
581 812 832 862 conjuratione
860 811 1120 855 indicaturum,
1149 813 1179 848 si
1203 812 1297 848 fides

64 866 216 916 publica
240 865 324 901 data
347 870 459 910 esset,
477 865 604 915 jussus
634 865 656 901 a
686 865 852 911 consule,
875 878 958 915 quae
985 865 1109 909 sciret,
1139 866 1299 911 edicere,

64 920 192 958 eadem
226 917 316 964 fere,
352 931 438 967 quae
481 918 705 963 Vulturtius,
752 918 798 955 de
844 918 982 968 paratis
1016 919 1211 962 incendiis,
1253 919 1300 955 de

66 973 166 1010 caede
209 973 405 1016 bonorum,
452 972 497 1008 de
543 971 669 1009 itinere
716 971 891 1018 hostium,
936 977 1104 1008 senatum
1146 973 1296 1009 edocet:

66 1024 262 1077 praeterea,
290 1039 328 1061 se
356 1025 509 1061 missum
539 1024 561 1061 a
593 1025 648 1062 M.
680 1023 828 1068 Crasso,
857 1025 921 1075 qui
952 1025 1120 1062 Catilinae
1151 1025 1301 1062 nuncia-

65 1086 133 1125 ret,
164 1078 213 1116 ne
243 1091 327 1116 eum
358 1077 556 1124 Lentulus,
585 1084 622 1115 et
646 1078 845 1128 Cethegus,
877 1078 1014 1129 aliique
1049 1092 1096 1116 ex
1132 1080 1302 1130 conjura-

65 1134 164 1170 tione
198 1132 417 1182 deprehensi
453 1137 654 1168 terrerent:
695 1131 815 1181 eoque
848 1130 970 1181 magis
1003 1138 1220 1182 properaret
1251 1133 1300 1169 ad

66 1188 198 1224 urbem
233 1185 413 1228 accidere,
449 1183 523 1234 quo
559 1190 596 1222 et
628 1189 846 1222 caeterorum
883 1185 1023 1221 animos
1052 1186 1232 1228 reficeret,
1265 1192 1302 1222 et

67 1239 119 1276 illi
150 1238 296 1276 facilius
326 1237 347 1274 ὲ
376 1237 539 1286 periculo
569 1237 808 1287 eriperentur.
864 1237 952 1282 Sed,
987 1239 1049 1275 ubi
1077 1238 1301 1288 Tarquinius

68 1293 246 1329 Crassum
274 1290 486 1336 nominavit,
515 1291 699 1327 hominem
729 1291 905 1337 nobilem,
934 1292 1115 1328 maxumis
1151 1292 1302 1337 divitiis,

69 1346 213 1382 summa
231 1344 398 1394 potentia
412 1358 422 1389 3
449 1343 511 1380 alii
530 1357 608 1380 rem
631 1344 883 1382 incredibilem
910 1345 1002 1392 rati3
1031 1359 1130 1394 pars,
1155 1348 1301 1383 tametsi

68 1412 198 1436 verum
233 1398 520 1439 existumabant,
553 1404 688 1444 tamen,
720 1399 807 1448 quia
840 1398 878 1435 in
908 1398 973 1435 tali
1002 1404 1167 1448 ternpore
1200 1405 1304 1436 tanta

68 1453 124 1489 vis
146 1451 302 1489 hominis
331 1448 449 1500 magis
476 1450 663 1494 leniunda,
691 1464 804 1501 quam
828 1451 1062 1501 exagitanda,
1088 1453 1304 1499 videbatur,

68 1505 249 1556 plerique,
279 1504 416 1541 Crasso
442 1517 489 1541 ex
517 1504 674 1553 negotiis
703 1504 855 1554 privatis
879 1506 1043 1549 obnoxii,
1073 1506 1306 1543 conclamant

68 1559 227 1596 indicem
253 1557 386 1594 falsum
413 1571 510 1603 esse,
536 1557 656 1606 deque
687 1559 732 1594 ea
758 1572 797 1595 re
825 1558 1016 1608 postulant
1035 1556 1089 1596 uti
1117 1559 1306 1596 referatur.

70 1612 218 1662 ltaque,
248 1612 427 1651 Cicerone
460 1610 690 1654 consulente,
725 1611 899 1661 frequens
937 1618 1085 1649 senatus
1128 1613 1305 1659 decernit,

71 1664 263 1715 Tarquinii
286 1665 462 1701 indicium
492 1664 628 1700 falsum
646 1664 775 1707 videri,
805 1678 962 1715 eumque
996 1665 1033 1702 in
1062 1666 1220 1703 vinculis
1253 1680 1307 1702 re-

71 1718 285 1756 tinendum:
314 1730 435 1767 neque
465 1717 623 1766 amplius
652 1723 872 1767 potestatem
899 1719 1127 1765 faciundam3
1156 1720 1226 1755 nisi
1259 1720 1305 1756 de

73 1785 117 1808 eo
150 1772 341 1815 indicaret,
376 1772 482 1822 cujus
517 1771 670 1808 consilio
701 1776 841 1808 tantam
872 1786 951 1809 rem
982 1779 1082 1810 esset
1117 1773 1305 1814 mentitus.

72 1825 188 1862 Erant
220 1839 264 1862 eo
291 1830 469 1874 tempore,
489 1825 551 1873 qui
581 1825 857 1871 existumarent,
887 1825 1064 1862 indicium
1095 1825 1186 1862 illud
1217 1825 1240 1864 a
1269 1831 1308 1865 Ρ.

73 1878 257 1915 Autronio
302 1878 570 1915 machinatum:
613 1876 690 1928 quo
722 1878 880 1924 facilius,
925 1879 1112 1928 appellato
1160 1879 1309 1925 Crasso,

74 1945 140 1980 per
173 1932 387 1969 societatem
420 1931 577 1981 periculi
613 1931 773 1980 reliquos
814 1931 912 1968 illius
949 1933 1114 1982 potentia
1154 1938 1305 1983 tegeret.

75 1985 154 2022 Alii
171 1985 411 2034 Tarquinium
429 1984 452 2021 a.
472 1985 650 2021 Cicerone
669 1985 871 2022 immissum
892 1985 1052 2029 aiebant,
1070 1985 1118 2023 ne
1139 1987 1309 2030 Crassus,

75 2051 175 2075 more
219 2051 300 2084 suo,
341 2043 513 2087 suscepto
557 2038 737 2075 malorum
781 2039 1000 2088 patrocinio,
1044 2040 1311 2088 rempublicam

77 2092 323 2129 conturbaret.
393 2091 521 2140 Ipsum
578 2091 755 2128 Crassum
800 2106 869 2141 ego
926 2098 1055 2141 postea
1106 2093 1312 2142 praedican-

78 2151 153 2181 tem
179 2145 317 2192 audivi,
348 2150 488 2181 tantam
523 2144 624 2181 illam
655 2145 916 2182 contumeliam
949 2146 1019 2182 sibi
1052 2147 1098 2182 ab
1133 2146 1311 2184 Cicerone

78 2199 295 2246 impositam.
348 2198 423 2234 Sed
466 2197 597 2234 iisdem
641 2199 869 2247 temporibus
913 2197 963 2242 Q.
1006 2198 1164 2236 Catulus
1201 2205 1236 2236 et
1264 2199 1310 2236 C.

79 2251 164 2287 Piso
191 2264 309 2301 neque
338 2251 469 2301 gratia,
490 2264 611 2300 neque
638 2252 825 2300 precibus,
856 2265 977 2302 neque
1005 2253 1137 2302 pretiO,
1167 2253 1313 2291 Cicero-

80 2317 164 2340 nem
206 2304 391 2354 impellere
430 2304 595 2353 quivere,
633 2303 687 2342 uti
729 2318 795 2354 per
830 2304 1056 2356 Allobroges
1097 2311 1160 2343 aut
1201 2305 1313 2342 alium

80 2357 238 2394 indicem
284 2359 328 2396 C.
370 2358 499 2395 Caesar
544 2355 639 2396 falso
683 2358 944 2396 nominaretur.
1011 2359 1109 2397 Nam
1157 2364 1310 2409 uterque
