1492 2531
360 45 577 84 BELLUM
606 45 628 82 J
631 44 998 84 UGURTHINUM
1004 75 1010 82 .
1260 45 1310 82 45

72 155 182 185 rent:
214 154 352 194 tamen,
368 151 401 186 si
421 149 516 203 quid
534 161 578 185 ex
593 149 795 199 improviso
808 148 900 184 mali
914 148 1130 192 accidisset,
1160 160 1225 185 vos
1241 149 1311 185 im-

62 202 272 249 plorarem,
293 203 344 239 P.
372 202 413 238 C.
433 219 444 246 ;
466 201 618 251 quibus,
636 215 702 250 pro
722 202 984 250 maynitudine
1003 201 1252 250 imperii‚jus
1272 208 1310 238 et

71 255 237 303 injurias
256 252 373 293 omnis
391 268 490 294 curce
521 267 600 291 esse
619 256 737 292 decet.
796 254 908 291 Nunc
928 254 1027 299 verb,
1055 255 1145 290 exul
1158 254 1308 304 patrici,

69 308 190 352 domo,
211 309 327 353 solus,
348 315 464 361 atque
476 310 636 346 omnium
659 309 900 345 honestarum
920 320 1044 344 rerum
1064 320 1189 356 eyens,
1210 321 1303 358 quos

69 363 260 406 accedam,
294 368 364 398 aut
396 375 488 414 quos
525 361 712 411 appellem
728 361 743 397 ?
801 360 1050 403 Nationesne,
1094 374 1145 396 an
1184 374 1305 409 reyes.

68 415 136 463 qui
153 427 276 451 omnes
300 415 472 463 famzliae
490 420 627 453 nostrae
659 414 703 452 ob
740 419 906 451 vestram
932 415 1141 450 amicitiam
1174 415 1311 463 infesti

67 466 187 502 sunt?
243 469 306 504 An
324 471 512 520 quoquam
542 468 637 504 milii
655 469 761 504 adire
794 467 897 512 licet,
929 466 996 503 ubi
1024 479 1095 503 non
1121 466 1309 516 majoriam

67 531 229 556 meorum
246 521 402 559 hostilia
420 526 659 561 monumenta
675 521 846 571 plurima
865 519 971 557 sint?
1028 521 1090 556 An
1103 522 1308 571 quisquam

66 571 188 609 nostri
207 574 376 612 misereri
399 581 541 625 potest,
574 575 642 625 qui
673 574 884 625 aliquando
916 572 1022 610 nobis
1044 573 1160 610 hostis
1178 575 1271 622 fuit
1291 575 1309 610 ?

67 624 277 677 Postremo,
307 628 530 672 Μαςίηἰεεα,
562 640 629 665 nos
649 629 705 664 ita
739 628 925 670 instituit,
955 626 1006 662 P.
1043 627 1102 671 C„
1122 627 1166 663 ne
1197 641 1306 678 quem

66 679 284 725 coleremus,
304 683 380 719 nisi
401 683 585 733 populum
606 680 817 718 Romanum
835 694 846 720 ;
875 680 920 716 ne
940 681 1156 724 societates,
1176 682 1221 717 ne
1231 681 1308 729 foe-

66 732 160 769 dera
180 746 274 770 nova
292 737 573 784 acciperemus3
603 733 752 771 abunde
770 746 909 782 mayna
925 734 1113 782 proesia'ia
1142 733 1248 770 nobis
1268 736 1308 770 in

65 786 194 822 vestra*
211 788 385 824 amicitia
402 790 521 838 fore:
555 789 589 825 si
609 788 697 824 huic
715 787 1045 836 impei·iofortu72a
1068 792 1304 832 mutaretur,

65 839 141 875 und
157 841 400 878 occidendum
425 842 530 879 nobis
558 853 649 878 esse.
715 841 879 883 Virtute,
909 853 955 876 ac
973 840 1050 876 diis
1081 839 1307 884 volentibus,

64 894 195 941 mayni
208 895 298 930 estis
313 900 351 931 et
369 896 540 945 opulenti
557 907 567 931 .·
588 895 713 931 omnia
729 894 892 931 secunda
907 899 944 929 et
959 893 1175 930 obedientia
1190 900 1278 930 sunt
1294 908 1305 931 .-

64 945 136 994 quo
145 946 314 993 facilius
330 950 513 986 sociorum
528 947 690 997 injurias
710 959 845 984 curare
864 947 964 983 licet.
1027 946 1191 983 Tantum
1208 947 1309 984 illud

65 1010 208 1044 vereor,
224 1000 268 1036 nc}
286 1014 378 1051 quos
386 1004 548 1052 privata
568 1001 741 1038 amicitia
755 999 1122 1048 Juyurthae‚par12m
1137 1001 1305 1049 coynita,

66 1055 302 1090 transvorsos
314 1061 410 1104 ayat
423 1069 435 1092 .·
456 1068 547 1106 quos
561 1067 627 1103 e90
643 1055 758 1090 audio
772 1050 952 1089 maxuma
963 1065 1030 1102 ope
1040 1053 1129 1097 niti,
1143 1053 1304 1098 ambire,

54 1103 239 1154 satiyare
255 1119 318 1144 vos
339 1109 522 1157 singulos,
538 1121 583 1144 ne
603 1108 698 1158 quid
716 1108 761 1143 de
775 1106 942 1150 absente,
962 1104 1157 1155 incoynitd
1175 1107 1304 1153 causa,

64 1160 250 1195 statuatis
267 1161 439 1209 :finyere
454 1175 510 1198 me
524 1161 637 1198 verba
657 1160 846 1209 etfuyam
862 1159 1060 1204 simulare,
1074 1161 1136 1195 cui
1152 1159 1306 1198 licuerit

64 1211 104 1245 in
121 1223 233 1259 regno
251 1225 417 1252 manere.
451 1215 562 1258 Quod
576 1213 722 1250 utinam
739 1213 865 1257 illum,
880 1212 989 1260 cujus
1006 1213 1304 1262 impiofacinore

62 1262 103 1298 in
124 1264 192 1301 kas
211 1267 383 1304 miserias
396 1268 592 1318 projectus
614 1279 708 1309 sum,
729 1267 858 1303 eadem
884 1266 961 1302 hoec
981 1266 1222 1302 simulantem
1244 1270 1303 1304 vi-

63 1316 201 1354 deam!
237 1326 274 1356 et
292 1320 514 1371 aliquando,
534 1326 604 1357 aut
622 1320 729 1370 apud
748 1332 823 1364 vos,
842 1324 913 1355 aut
929 1319 1034 1368 apud
1047 1319 1132 1355 deos
1154 1320 1304 1357 immor-

64 1368 159 1407 talis
173 1384 295 1409 rerum
316 1373 566 1411 humanarum
603 1386 699 1410 cura
731 1374 898 1416 oriatur,
925 1377 969 1408 ut
1002 1371 1081 1415 ille,
1102 1374 1169 1422 qui
1205 1386 1305 1411 nunc

61 1424 265 1463 sceleribus
285 1427 494 1476 suisferox
521 1433 636 1477 atque
663 1426 877 1476 praeclarus
897 1431 967 1469 est,
997 1426 1166 1462 omnibus
1188 1427 1302 1464 malis

63 1480 316 1525 excruciatus,
348 1481 556 1529 impietatis
576 1482 615 1516 in
630 1485 830 1530 parentem
855 1484 1041 1523 nostrum,
1054 1478 1210 1526 fratris
1229 1481 1302 1516 mei

61 1531 177 1575 necis,
195 1545 436 1584 mearumque
455 1535 694 1571 miseriarum
711 1531 845 1582 yravis
859 1545 993 1582 poenas
1009 1533 1150 1568 reddas
1168 1536 1182 1568 !
1211 1533 1301 1570 Jam

50 1580 315 1632 jam‚frater,
345 1589 469 1625 animo
488 1600 566 1624 mco
586 1588 806 1630 carissume‚
834 1598 1067 1636 quamquam
1085 1585 1154 1621 tibi
1173 1587 1303 1624 imma-

62 1640 161 1680 turo,
181 1644 219 1674 et
232 1641 330 1676 unde
344 1641 505 1677 minume
520 1642 662 1685 decuit,
676 1641 758 1676 vita
772 1645 904 1690 erepta
924 1644 978 1675 est
993 1651 1004 1677 ,·
1024 1645 1147 1677 t'amen
1165 1638 1302 1676 laetan-

61 1688 152 1726 dum
169 1692 305 1740 mimis,
325 1694 437 1744 quam
456 1694 672 1738 dolendum,
684 1698 780 1743 puto
799 1705 927 1729 casum
944 1697 1052 1728 tuum
1068 1704 1079 1728 .·
1113 1705 1185 1728 non
1202 1695 1300 1730 enim

60 1753 232 1791 reynum,
252 1747 485 1796 sedfuqam,
501 1748 671 1791 exilium,
686 1752 905 1795 eyestatem,
919 1750 956 1781 et
975 1745 1043 1782 has
1063 1744 1194 1789 omnis,
1215 1760 1298 1797 quae

59 1807 116 1831 me
133 1805 324 1846 premunt,
343 1813 542 1845 (erumnas,
562 1813 644 1837 cum
664 1798 791 1836 aninzd
810 1798 924 1836 simul
942 1799 1120 1835 amisisti.
1160 1800 1216 1835 At
1234 1813 1300 1850 eyo

59 1848 214 1897 infelix,
235 1853 273 1888 in
290 1858 401 1890 tanta
415 1854 805 1902 malaproecipitatus,
816 1852 954 1901 pulsus
971 1865 1015 1888 ex
1027 1852 1155 1902 patrio
1169 1865 1299 1902 reone,

59 1913 188 1940 rerum
219 1905 472 1943 humanarum
505 1907 760 1957 spectaculum
786 1905 937 1954 praebeo
957 1917 965 1941 ε
1000 1906 1167 1942 incertus
1206 1909 1301 1957 quid

59 1968 187 2004 aqam,
209 1964 343 1996 tuasne
374 1960 541 2009 injurias
567 1972 794 2010 persequar,
823 1960 902 2009 ipse
924 1959 1063 1994 auxilii
1082 1971 1220 2007 eyens,·
1248 1974 1299 1997 an

60 2020 174 2058 reyno
204 2013 412 2057 consulam,
449 2013 557 2062 cujus
588 2014 676 2050 vitae
706 2014 882 2063 necisque
898 2016 1070 2062 potestas
1104 2024 1149 2047 ex
1168 2013 1298 2061 opibus

60 2061 369 2114 alienaspendet.
382 2066 552 2112 Utinam,
568 2066 882 2115 emori,fortunis
897 2065 988 2101 meis
1005 2064 1161 2101 honestu
1171 2067 1297 2104 exitus

59 2121 169 2160 esset,
197 2119 241 2155 ne
268 2121 392 2156 vivere
425 2125 659 2169 contemptus
695 2120 858 2162 viderer,
891 2120 936 2162 si,
966 2118 1141 2167 defessus
1169 2119 1296 2165 malis,

60 2167 210 2216 injuriae
232 2174 503 2210 concessissem.
537 2172 662 2216 Nunc,
679 2173 857 2223 quoniam
876 2184 995 2222 neque
1013 2173 1140 2208 vivere
1176 2172 1295 2218 lubet,

59 2235 178 2273 neque
196 2227 292 2263 mori
312 2226 399 2265 licet
417 2228 496 2265 sine
509 2227 688 2264 dedecore
705 2239 715 2267 3
737 2226 788 2263 P.
815 2226 873 2271 C„
890 2238 961 2277 per
981 2238 1060 2269 vos,
1076 2237 1146 2276 per
1160 2224 1295 2264 liberos
