1492 2531
339 59 711 99 HISTORIARUM
745 58 1093 97 FRAGMENTA.
1256 58 1270 94 1
1282 57 1330 94 37

158 160 533 210 lnipediebantjussa
552 164 761 195 nautarum.
814 156 932 193 Idem.

155 213 259 251 Nihil
274 211 442 250 socordia
456 212 663 249 claudebat.
717 210 899 247 Donatus.

158 267 208 304 Ut
225 261 327 303 tanta
344 265 496 315 repente
513 265 666 302 mutatio
685 277 757 300 non
775 263 852 299 sine
871 264 940 300 deo
960 263 1159 301 videretur.
1214 261 1332 300 Idem.

158 320 201 356 In
222 333 283 356 ore
305 320 476 369 gentibus
495 332 622 366 agenS,
641 316 783 367 populi,
803 316 955 354 civitati.
1008 316 1125 354 Idem.

157 372 282 409 Pressi
298 373 458 422 undique
478 371 724 408 multitudine.
777 369 892 406 Idem.

158 424 268 462 Hunc
287 426 399 476 igitur
416 425 603 475 redarguit
617 423 844 474 Tarquitius.
899 422 1018 461 Idem.

157 478 255 515 Dein
275 479 395 528 campi
419 478 688 527 Themyscirii3
733 490 825 526 quos
860 475 1023 513 habuere
1060 475 1285 520 Amazones,
1310 474 1334 511 εὶ

104 532 222 568 'sanai
241 532 388 568 flumine
406 532 583 569 incertum
603 532 843 581 quamobrem
867 530 1058 579 digressae.
1115 527 1280 566 Servius.

158 584 233 621 Ubi
252 599 334 621 eum
360 585 439 622 tota
457 585 634 622 concione
664 585 710 620 ab
730 583 894 620 exercitu
926 583 1026 632 cogit
1061 581 1266 626 discedere,
1284 582 1336 617 di-

106 638 154 673 cit
171 651 209 674 se
229 639 306 689 ejus
326 638 437 688 opera.
455 652 527 675 non
564 651 714 675 usurum
732 652 741 683 3
771 650 929 686 eumque
965 637 1012 673 ab
1044 635 1153 671 armis
1173 634 1334 672 dimittit.

106 690 221 727 Idem.

158 744 207 780 Et
226 742 382 781 Metello
411 744 541 793 procul
567 749 698 793 agente
717 743 830 792 longa
860 755 946 790 spes
971 742 1204 778 auxiliorum.
1275 741 1335 778 Id.

158 795 267 834 More
287 797 468 846 equestris
505 797 641 846 proelii,
660 798 815 845 sumptis
839 795 952 844 tergis
972 801 1081 845 atque
1112 794 1280 840 redditis,
1300 800 1336 830 et

107 850 247 899 egressi
265 851 312 886 ad
330 850 512 887 faciliores
531 851 628 887 ictus
647 850 730 886 loco
750 850 943 886 cedebant.
997 848 1114 886 Idem.

159 902 292 939 Castra
310 904 388 939 sine
408 903 558 940 vulnere
578 903 776 940 introitum.
828 901 945 938 Idem.

161 952 306 993 Multos
324 962 445 993 tamen
460 958 507 994 ab
527 957 778 994 adolescentia
806 957 924 992 bonos
956 953 1154 991 insultawdt.
1208 953 1336 993 Idem.·

107 1013 141 1044 et
160 1009 347 1046 Donatus.

160 1063 269 1099 Cosa.
331 1062 493 1100 Servius.

158 1115 275 1165 Equis
296 1122 405 1166 atque
422 1118 532 1152 armis
549 1115 770 1165 insignibus.
825 1114 943 1152 Idem.

159 1168 297 1205 Fessus
311 1170 348 1205 in
369 1168 623 1218 Pamphyliam
643 1183 681 1205 se
702 1174 903 1218 receperat.
955 1167 1072 1205 Idem.

159 1221 352 1259 Profectus
388 1223 539 1273 quidam
575 1221 691 1271 Ligus
718 1223 765 1258 ad
788 1222 964 1272 requisita
993 1227 1150 1259 naturae.
1221 1219 1339 1266 Quin-

107 1273 230 1312 tiliam.

158 1328 272 1377 Apud
290 1328 408 1365 latera
427 1335 547 1365 certos
571 1328 826 1366 collocaverat.
880 1327 1047 1365 Servius.

159 1380 314 1429 Apertae
333 1388 464 1431 portae,
484 1381 625 1431 repleta
644 1396 733 1418 arva
751 1381 968 1419 cultoribus.
1024 1380 1143 1417 Idem.

159 1435 382 1484 Hispaniam
401 1435 472 1472 sibi
491 1435 680 1485 antiquam
699 1436 854 1484 patriam
874 1449 967 1472 esse.
1022 1434 1142 1470 Idem.

159 1486 288 1538 Lyciae
309 1488 537 1537 Pisidiaeque
557 1502 665 1538 agros
693 1490 983 1538 despectantem.
1036 1487 1153 1524 Idem.

163 1540 271 1579 Sotte
291 1542 422 1579 ductos
441 1542 529 1578 fusti
548 1548 665 1579 necet.
717 1542 835 1579 Idem.

162 1595 292 1632 Omnis
328 1594 449 1639 Italia,
486 1601 615 1632 coacta
650 1596 687 1632 in
735 1596 938 1645 angustias,
975 1594 1154 1631 scinditur
1192 1592 1229 1629 in
1265 1592 1337 1628 duo

110 1648 358 1699 promontoria
376 1648 558 1685 Bruttium
579 1655 616 1685 et
635 1649 877 1687 Salentinum.
933 1647 1050 1685 Idem.

160 1701 267 1738 Italia
286 1701 394 1750 plana
412 1716 455 1739 ac
474 1701 608 1738 mollis.
663 1702 778 1739 Idem.

163 1755 249 1798 Qua
267 1760 484 1804 tempestate
503 1768 551 1792 ex
584 1755 705 1792 Ponto
737 1757 792 1791 vis
827 1754 987 1804 piscium
1020 1754 1150 1804 erupit.
1208 1751 1340 1796 Idem,-

109 1813 144 1845 εἰ
163 1807 393 1845 Sclzoliccstes
410 1807 617 1846 Juvenalis.

161 1861 348 1898 Introrsus
370 1862 484 1909 prima
518 1862 621 1899 Asiae
659 1861 835 1911 Bithynia
866 1867 935 1907 est,
971 1861 1095 1897 multis
1130 1858 1240 1896 antea
1275 1872 1340 1895 no-

108 1915 269 1951 minibus
288 1914 483 1964 appellata.
547 1915 634 1964 Ipsa
670 1915 767 1951 enim
787 1921 842 1952 est
862 1913 988 1965 Major
1007 1914 1184 1965 Phrygia.
1255 1912 1341 1949 Ser-

110 1981 204 2006 ctus.

161 2020 234 2057 Sed
270 2020 506 2057 Mithridates
539 2021 705 2058 extrema
742 2020 903 2070 pueritia
940 2034 1094 2070 regnum
1130 2019 1337 2070 ingressus,

109 2080 223 2110 matre
239 2088 380 2111 veneno
399 2074 602 2111 interfecta.
657 2074 772 2112 Idem.

162 2127 374 2164 Exercitum
393 2133 548 2164 vertere.
603 2127 717 2164 Idem.
760 2141 763 2143 ·

164 2181 274 2216 Creta
292 2180 399 2216 altior
417 2186 474 2217 est
493 2180 567 2230 qua
587 2186 686 2229 parte
707 2185 850 2229 spectat
869 2180 1072 2218 Orientem.
1127 2179 1246 2217 Idem.

161 2233 209 2269 Se
228 2233 376 2283 regibus
393 2234 590 2280 devovent,
608 2240 643 2270 et
676 2240 761 2283 post
780 2248 843 2270 eos
876 2234 988 2271 vitam
1021 2233 1202 2279 refutant3
1248 2231 1338 2269 adet‘·
