1492 2531
388 155 604 198 BELLUM
637 156 858 197 CATILIN
860 158 896 196 A
903 156 1048 197 RIUM.
1308 158 1359 196 29

126 270 226 297 verso
264 258 397 296 itinere
428 257 542 294 malos
577 255 602 294 ὰ
647 255 749 294 bonis
781 257 861 294 loca
892 261 1003 298 tetra,
1051 254 1205 299 inculta,
1233 253 1357 304 foeda,

126 317 232 363 atque
273 310 535 363 formidolosa,
585 310 732 349 habere.
801 310 934 360 Itaque
976 308 1128 354 censuit,
1181 308 1357 358 pecunias

128 379 255 402 eorum
278 364 541 416 publicandas,
561 363 658 414 ipsos
679 377 748 414 per
778 362 991 412 municipia
1020 362 1060 399 in
1087 361 1262 399 custodiis
1291 361 1361 398 lia-

125 419 257 455 bendos
274 434 285 459 ;
323 417 509 462 videlicet,
529 417 679 462 timens,
710 415 768 460 ne,
788 417 822 453 si
861 417 990 453 Romce
1023 415 1108 459 sint,
1145 420 1210 452 aut
1241 413 1265 452 ἀ
1287 428 1358 465 po-

119 470 324 520 pularibus
374 469 660 522 conjurationis,
708 474 775 506 aut
826 468 850 507 ιὶ
892 469 1113 506 mulitudine
1167 466 1360 513 conducta,

118 537 190 573 per
218 524 294 562 vim
327 524 549 575 eripiantur.
604 523 724 570 Quasi
742 521 826 560 verb
851 522 948 560 mali
977 527 1087 573 atque
1106 522 1247 559 scelesti
1269 526 1358 571 tan-

121 575 306 614 tummodo
337 578 378 615 in
404 577 509 620 urbe,
547 582 578 614 et
613 590 687 614 non
716 590 790 628 per
818 581 932 613 totam
959 576 1118 613 Italiam
1145 575 1223 612 sint
1233 589 1248 620 ,·
1293 580 1360 612 aut

123 644 195 668 non
220 631 274 668 ibi
289 632 372 681 plus
401 631 517 680 possit
537 630 708 675 audacia,
742 630 805 667 ubi
834 630 885 667 ad
909 629 1174 680 defendendum
1192 629 1358 666 minores

122 688 208 720 sunt
227 698 321 734 opes.
378 684 500 730 Quare
532 697 672 721 vanum>
698 682 867 734 equidem
898 682 966 720 hoc
997 682 1194 719 consilium
1223 687 1290 727 est,
1323 681 1359 718 si

118 736 334 787 periculum
364 751 409 774 ex
440 737 517 774 illis
551 736 695 774 metuit.
750 736 822 773 Sin
853 736 894 773 in
929 742 1027 773 tanto
1061 736 1226 773 omnium
1255 739 1359 772 metu

122 790 225 826 solus
256 805 327 828 non
359 790 490 833 timet;
518 789 558 827 εό
593 789 720 841 magis
747 788 878 839 refert,
909 803 967 827 me
1000 789 1096 827 mihi
1127 795 1227 840 atque
1255 788 1359 826 vobis

124 842 265 881 timere.
325 843 452 890 Quare
473 843 557 881 cz‘tm
585 845 626 880 de
653 844 705 880 P.
730 843 892 880 Lentulo
919 843 1130 894 caeterisque
1157 842 1330 880 statuetis
1344 857 1359 886 ,-

119 910 191 946 pro
220 902 320 934 certo
350 897 526 941 habetote,
559 910 624 934 vos
655 896 768 933 simul
797 897 839 933 de
856 897 1017 933 exercitu
1044 895 1219 934 Catilinae
1247 901 1280 933 et
1311 895 1355 932 de

121 950 290 988 omnibus
326 950 531 1000 conjuratis
563 950 767 988 decernere.
819 949 970 996 Quanto
1005 964 1067 987 vos
1099 948 1281 986 attentius
1315 963 1357 986 ea

124 1003 260 1052 agetis,
294 1002 400 1040 tanto
432 1004 508 1041 illis
553 1003 703 1041 animus
736 1003 923 1051 infirmior
964 1003 1056 1041 erit:
1098 1003 1132 1041 si
1160 1002 1358 1053 paululum

120 1055 230 1093 modo
262 1070 326 1094 vos
358 1057 538 1109 languere
566 1057 739 1101 viderint,
754 1057 846 1108 jani
873 1059 1156 1108 omnesseroces
1184 1057 1355 1094 aderunt.

120 1110 249 1147 Nolite
286 1109 525 1155 existumare,
561 1110 723 1161 majores
756 1116 900 1147 nostros
946 1110 1061 1147 armis
1094 1110 1358 1160 rempublicam

121 1177 163 1199 ex
178 1162 298 1212 pari-d
327 1176 502 1214 megnam
524 1161 676 1212 fecisse.
729 1162 775 1199 Si
807 1168 875 1200 ata
903 1177 962 1201 res
996 1169 1096 1209 esset,
1128 1161 1244 1200 multo
1273 1165 1357 1213 pul-

122 1215 361 1253 cherrumam
390 1230 469 1253 eam
494 1230 561 1253 nos
590 1216 830 1254 haberemus:
868 1216 1000 1267 quippe
1029 1217 1215 1254 sociorum
1246 1221 1356 1268 atque

121 1268 272 1313 civimn,
306 1268 488 1318 praeterea
519 1283 709 1307 armorum
732 1274 836 1320 atque
872 1283 1057 1321 equorum,
1092 1270 1213 1321 major
1247 1271 1355 1321 copia

119 1322 238 1366 nobis,
254 1321 477 1373 quantillis,
503 1327 571 1361 est.
636 1323 711 1359 Sed
737 1323 820 1359 alia
842 1322 968 1373 fuere,
997 1337 1072 1375 quae
1093 1324 1176 1361 illos
1193 1337 1356 1373 magnos

110 1374 263 1423 fecere:
310 1389 387 1426 quoe
436 1374 540 1412 nobis
584 1376 686 1413 nulla
721 1381 806 1413 sunt
817 1391 830 1412 .·
872 1375 971 1413 domi
1011 1377 1216 1421 industria,
1251 1375 1357 1427 foris

108 1428 256 1479 justum
307 1428 531 1480 imperium,·
581 1429 730 1466 animus
762 1429 802 1466 in
835 1431 1051 1467 consulendo
1093 1431 1199 1475 liber,
1240 1445 1356 1481 neque

122 1483 264 1526 aelicta,
301 1496 418 1533 neque
463 1481 626 1520 lubidini
653 1483 837 1520 obnoxius.
891 1483 974 1520 Pro
1004 1483 1065 1521 his
1088 1498 1154 1521 nos
1180 1484 1356 1522 habemus

119 1534 303 1572 luxuriam
342 1540 454 1586 atque
486 1536 721 1581 maritima,-
749 1535 896 1586 publice
929 1542 1136 1587 egestatem,
1168 1537 1356 1588 privatim

121 1589 374 1637 opulentiam:
411 1589 606 1626 laudamus
642 1589 806 1634 divitias,
840 1590 1026 1641 sequimur
1065 1591 1269 1629 inertiam:
1298 1592 1356 1629 in-

120 1646 179 1677 ter
208 1642 316 1680 bonos
349 1648 385 1680 et
418 1643 538 1679 malos
569 1643 772 1680 discrimen
817 1644 981 1680 nullum:
1027 1644 1152 1681 onmia
1197 1645 1356 1683 virtutis

117 1694 280 1743 promia
316 1695 476 1732 ambitio
507 1696 685 1746 possidet.
742 1695 867 1747 Neque
901 1697 1066 1743 mirum;
1110 1698 1174 1735 ubi
1205 1712 1269 1736 vos
1301 1713 1357 1736 se-

114 1747 303 1797 paratim,
334 1749 408 1786 sibi
441 1750 600 1800 quisque,
637 1749 833 1786 consilium
866 1750 1020 1801 capitis:
1057 1751 1134 1797 ubi,
1169 1751 1265 1789 domi
1293 1766 1356 1790 vo-

120 1801 341 1851 luptatibus,
376 1801 436 1839 liic
466 1803 633 1853 pecuniae
670 1809 731 1840 aut
762 1803 913 1854 gratioe,
959 1804 1123 1842 servitis:
1155 1803 1194 1842 εό
1210 1806 1276 1856 fit,
1308 1811 1352 1843 ut

119 1854 282 1904 impetus
306 1857 388 1906 fiat
417 1856 458 1893 in
510 1869 668 1893 vacuam
716 1855 1000 1906 rempublicam.
1056 1859 1130 1897 Sed
1171 1872 1239 1910 ego
1274 1858 1353 1897 haec

121 1908 268 1946 omitto.
327 1907 580 1958 Conjuravere
614 1908 706 1946 civis
737 1910 970 1949 nobilissumi
1002 1911 1177 1962 patriam
1228 1912 1352 1950 incen-

119 1962 227 1998 dere:
263 1961 459 1999 Gallorum
489 1967 652 2012 gentem,
684 1963 973 2014 infestissumam
992 1966 1133 2003 nomini
1159 1966 1352 2011 Romano,

117 2015 167 2051 ad
208 2014 343 2052 bellum
373 2020 591 2054 arcessunt:
626 2016 697 2053 dux
738 2016 900 2054 hostium
932 2032 1014 2055 cum
1041 2018 1199 2056 exercitu
1238 2033 1353 2070 supra

118 2073 229 2117 caput
265 2072 329 2106 est.
391 2068 464 2105 Vos
498 2069 729 2106 cunctamini
774 2070 890 2107 etiam
934 2085 1044 2117 nunc,
1081 2077 1117 2109 et
1154 2072 1353 2118 dubitatis,

120 2121 215 2171 quid
247 2120 354 2158 intra
379 2121 516 2159 moenia
549 2122 790 2174 deprehensis
824 2123 992 2163 hostibus
1014 2125 1216 2175 faciatis?
1271 2125 1354 2164 Mi-

118 2174 329 2219 sereamini,
359 2188 483 2212 censeo
494 2189 508 2219 ,·
544 2174 733 2226 deliquere
773 2176 936 2215 homines
974 2178 1240 2216 adolescentuli
1281 2193 1353 2230 per

119 2227 384 2274 ambitionem5
415 2233 520 2279 atque
565 2232 683 2266 etiam
715 2236 882 2269 armatos
918 2231 1122 2270 dimittatis.
1177 2233 1249 2270 Nae
1282 2239 1351 2271 ista

117 2279 219 2317 vobis
246 2282 492 2318 mansuetudo
525 2286 557 2318 et
588 2283 855 2328 misericordia,
881 2286 913 2322 si
942 2285 999 2323 illi
1033 2299 1141 2323 arma
1175 2287 1351 2335 ceperint,

119 2335 158 2369 in
188 2335 379 2371 miseriam
414 2335 564 2372 vertat!
630 2334 778 2374 Scilicet
813 2351 873 2375 res
902 2340 981 2388 ipsa
1009 2352 1150 2390 aspera
1175 2344 1229 2376 est
1240 2354 1253 2383 ,·
1290 2341 1354 2377 sed

117 2399 178 2423 vos
207 2400 281 2424 non
312 2389 444 2425 timetis
477 2402 563 2426 eam.
611 2388 724 2426 Immo
762 2389 847 2427 vero
883 2391 1078 2437 maxu7ne5
1114 2394 1179 2430 sed
1214 2392 1350 2430 inertia
