1492 2531
348 128 564 169 BELLUM
594 129 999 168 CATILINARIUM.
1236 131 1285 169 21

61 234 192 274 alium:
223 235 289 272 sed
319 234 381 271 filii
415 233 642 276 familiarum,
679 247 836 284 quorum
869 246 914 270 ex
945 232 1132 270 nobilitate
1165 245 1289 269 maxu-

61 302 122 325 ma
141 302 223 338 pars
243 296 329 331 erat,
349 294 516 336 parentes
535 287 803 329 interficerent;
836 287 957 331 simul,
977 287 1079 323 caede
1103 291 1140 323 et
1166 286 1288 323 incen-

62 342 123 378 dio
150 341 325 392 perculsis
355 340 539 384 omnibus,
577 340 624 376 ad
657 340 852 377 Catilinam
888 346 1131 389 erumperent.
1186 339 1288 376 Inter

60 394 142 432 haec
175 399 301 443 parata
340 400 447 442 atque
492 393 651 438 decreta,
692 393 876 442 Cethegus
921 406 1066 442 semper
1107 393 1286 442 quereba-

60 453 120 484 tur
149 448 195 484 de
225 447 372 497 ignavia
400 446 603 484 sociorum:
632 445 715 483 illos
745 446 960 489 dubitando,
990 452 1026 483 et
1057 446 1133 482 dies
1169 446 1288 495 prola-

60 501 183 541 tando,
225 514 375 550 magnas
417 500 707 549 opportunitates
748 513 1008 548 corrumpere:
1065 501 1173 542 facto,
1214 513 1288 536 non

60 553 242 599 consulto,
271 554 307 590 in
335 553 398 590 tali
428 552 590 602 periculo
623 566 716 602 opus
747 566 849 590 esse:
878 566 1007 602 seque,
1035 553 1067 589 si
1091 553 1200 602 pauci
1226 553 1289 590 ad-

53 607 236 657 juvarent,
275 607 532 656 languentibus
572 606 666 651 aliis,
711 606 890 656 impetum
921 605 957 642 in
997 607 1134 642 curiam
1174 606 1289 644 factu-

58 673 150 697 rum.
204 659 349 697 Naturfi⁴
392 660 507 703 ferOX,
554 659 766 705 vehemens,
807 672 918 696 manu
957 666 1149 709 promptus
1190 666 1286 697 erat:

41 726 267 762 ,maxumum
303 714 440 749 bonum
474 713 510 748 in
557 713 740 749 celeritate
780 713 945 762 putabat.
998 713 1073 749 Sed
1119 713 1292 750 Allobro-

58 780 139 816 ges,
167 780 213 803 ex
248 773 434 816 praecepto
466 765 666 810 Ciceronis,
692 779 760 815 per
787 766 989 803 Gabinium
1022 771 1174 803 caeteros
1207 780 1291 804 eon-

57 820 231 856 veniunt:
287 821 334 856 ab
370 818 543 864 Lentulo,
585 819 764 869 Cethego,
807 819 967 865 Statilio,
1011 819 1099 856 item
1147 820 1290 865 Cassio,

58 872 246 922 postulant
274 872 544 923 jusjurandum,
585 872 685 922 quod
725 873 912 923 signatum
957 873 1005 909 ad
1047 871 1138 910 civis
1174 874 1292 922 perfe-

57 933 164 962 rant:
201 926 307 963 aliter
338 926 435 962 haud
461 925 567 962 facile
597 939 660 963 eos
689 926 736 962 ad
767 932 910 962 tantum
936 926 1124 976 negotium
1152 927 1291 976 impelli

58 992 181 1029 posse.
235 980 370 1017 Caeteri
398 979 486 1016 nihil
515 980 748 1029 suspicantes
778 980 889 1016 dant:
921 980 1072 1016 Cassius
1103 987 1219 1017 semet
1246 980 1289 1017 eo

57 1033 163 1069 brevi
191 1038 384 1070 venturum
409 1032 614 1082 pollicetur,
645 1046 688 1069 ac
716 1031 829 1082 paulo
855 1039 939 1069 ante
968 1033 1110 1082 legatos
1135 1047 1181 1070 ex
1199 1036 1290 1071 urbe

58 1086 311 1135 proficiscitur.
363 1086 544 1123 Lentulus
573 1099 658 1122 cum
686 1086 741 1123 his
768 1086 812 1123 T.
833 1085 1061 1123 Vulturtium
1094 1088 1291 1137 quemdam

60 1140 340 1176 Crotoniensem
364 1139 496 1176 mittit:
526 1146 567 1175 ut
599 1139 837 1189 Allobroges,
867 1139 969 1188 prius
1001 1139 1111 1188 quam
1141 1141 1290 1177 domum

59 1199 256 1242 pergerent
284 1205 367 1228 cum
395 1190 565 1237 Catilina,
592 1191 679 1228 dat&⁴
707 1198 816 1241 atque
842 1192 996 1241 accepta
1016 1194 1102 1238 fide,
1134 1194 1291 1231 societa-

59 1251 133 1281 tem
166 1245 432 1282 confirmarent.
486 1245 572 1294 Ipse
608 1244 798 1282 Vulturtio
834 1245 973 1282 litteras
1010 1247 1058 1283 ad
1095 1246 1291 1285 Catilinam

60 1298 121 1334 dat
138 1314 146 1338 :
174 1312 327 1347 quarum
347 1297 557 1347 exemplum
574 1298 668 1334 infra
687 1300 864 1348 scriptum
883 1305 958 1335 est:

117 1350 192 1395 Qui
209 1350 291 1395 sim,
311 1365 352 1388 ex
371 1364 424 1395 eo,
441 1364 548 1401 quem
565 1351 614 1387 ad
632 1357 662 1388 te
680 1351 781 1395 misi,
796 1364 1005 1401 cognosces.
1054 1351 1134 1389 Fac
1153 1355 1293 1405 cogites

59 1405 99 1442 in
128 1403 268 1455 quantci
292 1404 514 1442 calamitate
544 1405 622 1448 sis,·
658 1409 694 1441 et
717 1405 940 1450 memineris,
979 1409 1014 1442 te
1041 1407 1164 1444 virum
1194 1422 1266 1445 esse
1281 1425 1293 1444 .-

59 1459 272 1502 consideres,
292 1458 380 1509 quid
398 1464 468 1495 tuce
487 1459 652 1494 rationes
667 1458 873 1508 postulent:
902 1459 1081 1496 auxilium
1101 1465 1214 1510 petas
1246 1462 1292 1499 ab

60 1512 240 1557 omnibus,
256 1512 373 1548 etiam
393 1512 438 1548 ab
457 1511 607 1562 infimis.

112 1566 174 1602 Ad
191 1565 274 1608 hoc,
293 1566 464 1602 mandata
483 1566 604 1602 verbis
625 1565 710 1602 dat:
742 1565 825 1602 cum
854 1565 902 1602 ab
931 1572 1063 1603 senatu
1093 1567 1209 1605 hostis
1234 1570 1293 1619 ju-

60 1617 203 1655 dicatus
232 1619 291 1662 sit,
315 1633 389 1668 quo
420 1619 571 1656 consilio
605 1618 755 1655 servitia
783 1620 972 1671 repudiet:
1002 1620 1039 1656 in
1068 1621 1159 1657 urbe
1188 1636 1293 1670 para·

60 1677 97 1708 ta
115 1686 210 1717 esse,
228 1686 311 1722 quae
325 1673 501 1723 jusserit:
531 1686 577 1709 ne
603 1678 795 1708 cunctetur
823 1673 902 1722 ipse
928 1671 1080 1722 propius
1105 1676 1292 1712 accedere.

60 1724 131 1762 His
151 1727 261 1762 rebus
286 1727 336 1762 ita
353 1726 470 1771 actis;
499 1723 699 1762 constituta
727 1732 833 1763 nocte
853 1725 927 1775 qua
951 1726 1290 1775 proficiscerent11r3

62 1778 207 1823 Cicero,
233 1792 298 1827 per
321 1778 462 1829 legatos
492 1785 626 1815 cuncta
647 1779 814 1823 edoctus,
848 1779 893 1816 L.
913 1779 1062 1816 Valerio
1092 1780 1228 1819 Flacco
1256 1789 1292 1820 et

61 1832 103 1868 C.
138 1831 335 1880 Pomptino
370 1832 593 1881 praetoribus
629 1831 796 1880 imperat,
832 1839 873 1869 ut
905 1833 942 1869 in
978 1833 1097 1870 Ponte
1134 1834 1292 1881 Mulvio,

61 1898 127 1933 per
160 1885 326 1928 insidias,
358 1885 604 1935 Allobrogum
642 1885 837 1922 comitatus
875 1886 1175 1935 deprehendant:
1214 1903 1291 1926 rem

61 1951 205 1975 omnem
251 1938 380 1987 aperit,
421 1939 528 1988 cujus
574 1936 693 1988 gratia
733 1939 993 1976 mittebantur:
1050 1946 1196 1985 caetera,
1238 1940 1290 1978 uti

59 1993 155 2028 sacto
191 2005 285 2042 opus
321 1992 381 2036 sit,
415 1993 466 2028 ita
499 1998 623 2040 agant.
678 1990 858 2029 Homines
893 1992 1082 2038 militares,
1119 1994 1197 2031 sine
1232 2002 1291 2032 tu-

59 2045 177 2082 multu
212 2045 394 2094 praesidiis
434 2044 634 2089 collocatis,
670 2045 778 2082 sicuti
821 2052 1051 2095 praeceptum
1095 2054 1185 2091 erat,
1231 2062 1293 2086 oc·
1342 2053 1345 2055 “

60 2098 160 2135 culte
187 2103 336 2148 pontem
361 2098 541 2135 obsident.
598 2098 801 2147 Postquam
831 2099 878 2134 ad
906 2099 945 2137 id
968 2099 1041 2136 loci
1069 2099 1181 2150 legati
1208 2115 1291 2138 cum

61 2151 249 2189 Vultur-tio
284 2152 432 2197 venere,
467 2151 574 2187 simul
609 2152 791 2201 utrimque
839 2152 976 2189 clamor
1018 2160 1166 2190 exortus
1212 2162 1288 2192 est:

62 2204 174 2250 Galli,
218 2203 292 2244 cito
337 2205 485 2255 cognito
532 2204 697 2250 consilio,
741 2205 818 2241 sine
850 2204 954 2242 mora
987 2208 1208 2254 praetoribus
1250 2223 1289 2245 se

61 2258 220 2296 tradunt.
296 2258 504 2296 Vulturtius
546 2257 676 2306 primd,
715 2258 925 2295 cohortatus
962 2265 1128 2306 caeteros,
1165 2260 1289 2310 gladio

61 2325 101 2361 se
135 2310 157 2347 ὲ,
187 2311 414 2349 multitudine
445 2311 632 2356 defendit;
673 2311 770 2355 dein,
802 2312 865 2348 ubi
900 2311 922 2349 a
953 2312 1083 2362 legatis
1123 2313 1289 2352 desertus

62 2372 132 2409 est,
164 2365 279 2403 multa
319 2365 419 2415 prius
453 2365 497 2401 de
538 2363 655 2401 salute
701 2363 769 2402 sua
811 2364 1049 2415 Pomptinum
1085 2367 1289 2408 obtestatus
