1492 2531
161 127 206 164 16
636 129 911 169 SALLUSTII

157 245 258 281 gere,
293 246 334 270 ac
366 232 482 283 prius,
516 232 627 282 quum
657 233 825 284 legiones
855 235 1114 283 scriberentur,
1148 232 1264 273 multa
1297 233 1383 274 ante

157 299 289 334 capere
309 300 391 335 quae
409 286 509 324 bello
528 288 611 323 usui
623 288 767 334 forent3
796 294 903 325 nocte
922 289 1142 338 intempesta
1160 303 1243 326 cum
1255 290 1382 339 paucis

155 339 193 374 in
226 339 416 377 Manliana
448 346 568 376 castra
597 341 784 390 profectus
815 347 883 377 est.
934 342 1009 379 Sed
1047 341 1227 392 Cethego,
1272 349 1382 392 atque

156 391 330 436 Lentulo,
360 393 590 442 caeterisque,
615 407 771 444 quorum
790 400 1012 444 cognoverat
1039 402 1246 444 promptam
1275 396 1384 433 auda-

156 445 263 491 ciam,
283 447 444 492 mandat,
474 447 609 496 quibus
638 449 749 484 rebus
777 453 942 496 possent,
973 462 1061 496 opes
1094 449 1262 486 factionis
1293 462 1382 486 con-

155 497 313 545 firment,
359 499 509 536 insidias
561 500 705 537 consuli
749 506 955 546 maturent3
1002 502 1143 538 caedem
1195 502 1380 545 incendia,

157 551 304 602 aliaque
323 552 410 590 belli
428 553 592 590 facinora
609 559 762 603 parent:
794 568 875 591 sese
895 553 1111 603 propediem
1144 568 1225 591 cum
1245 568 1380 605 magno

156 607 320 642 exercitu
373 607 420 642 ad
471 608 601 643 urbem
651 621 898 644 accessurum.
967 608 1066 643 Dum
1119 607 1199 644 haec
1246 608 1377 645 Romae

155 665 346 707 geruntur,
377 660 418 697 C.
447 659 610 696 Manlius
636 673 680 696 ex
701 674 767 697 suo
788 673 938 697 numero
968 659 1110 710 legatos
1142 661 1190 697 ad
1209 660 1256 705 Q.
1275 660 1380 698 Mar-

156 712 254 748 cium
273 726 400 762 regem
419 713 540 757 mittit,
561 727 644 750 cum
663 714 840 750 mandatis
860 713 1092 764 hujusmodl:

207 765 313 802 Deos
331 765 569 817 hominesque
587 771 783 812 testamw,
801 766 1029 829 Imperator,
1048 780 1114 803 nos
1133 780 1246 804 arma
1265 781 1379 818 neque

155 823 288 855 contra
312 818 481 869 patriam
515 820 667 870 cepisse,
685 833 801 870 neque
828 817 899 870 qui)
920 820 1130 883 periculum
1159 819 1251 857 aliis
1274 821 1381 870 face-

153 885 304 917 remus,·
341 877 405 909 sed
439 871 494 910 uli
529 886 688 923 corpora
722 877 853 910 nostra
876 871 955 909 ab
943 872 1085 923 zry'urid
1120 877 1202 909 tuta
1219 874 1377 924 forent:

155 926 219 975 qui
229 925 371 972 miseri,
385 931 546 976 egenteS,
561 925 740 964 violenti&
753 931 860 977 atque
872 926 1093 963 crudelitate
1095 928 1379 976 faeneratorum,

131 990 135 993 ’
148 978 323 1029 plerique
346 978 497 1030 patrici,
515 982 580 1017 sed
597 994 721 1017 omnes
740 978 858 1029 samri
877 984 983 1030 atque
1001 979 1186 1030 fortunis,
1217 985 1379 1030 expertes

152 1045 280 1069 sumus
294 1048 306 1069 .·
337 1047 448 1083 neque
481 1033 653 1084 cuiquam
685 1033 852 1070 nostrum
883 1033 1000 1077 licuit,
1035 1047 1135 1070 more
1179 1032 1378 1084 majorum,

153 1085 229 1135 legi
246 1086 315 1131 uti,
333 1100 455 1137 neque,
476 1087 614 1123 amisso
627 1087 872 1137 patrimonio,
892 1100 1025 1136 corpus
1043 1086 1198 1123 liberum
1216 1086 1351 1124 habere
1365 1104 1377 1124 .-

152 1143 265 1176 tanta
294 1140 446 1176 saevitia
467 1142 746 1189 faeneratorum
781 1145 889 1190 atque
908 1140 1089 1190 praetoris
1107 1138 1205 1189 suit.
1268 1140 1377 1191 Saepe

151 1192 314 1243 majores
340 1192 517 1239 vestrum,
541 1193 703 1231 miseriti
730 1192 851 1243 plebis
879 1191 1075 1239 Romame,
1103 1192 1264 1230 decretis
1298 1194 1378 1231 suis

151 1245 288 1296 inopiae
306 1245 384 1296 ejus
401 1246 578 1296 opitulati
596 1252 682 1284 sunt
697 1263 708 1283 :
728 1260 773 1283 ac
791 1245 1013 1290 novissume,
1039 1245 1219 1283 memoris}
1236 1245 1376 1291 vestrd,

146 1304 303 1349 propter
338 1299 639 1350 magnitudinem
674 1299 762 1337 aerz’s
797 1300 927 1344 alieni,
963 1298 1168 1336 volentibus
1206 1298 1378 1338 omnibus

151 1353 270 1398 bonis,
299 1358 501 1403 argentum
531 1368 603 1391 aere
630 1354 789 1391 solutum
807 1358 874 1391 est.
930 1351 1036 1402 Scep&
1055 1352 1129 1389 ista
1142 1351 1280 1403 plebes,
1307 1358 1377 1390 aut

151 1405 371 1443 dominandi
400 1407 523 1444 studio
553 1411 743 1458 permota,
779 1411 847 1443 aut
877 1405 1052 1456 superbie}
1077 1405 1376 1466 magistratuum

152 1464 318 1506 armata,
354 1457 379 1496 ὰ
412 1460 589 1510 patribus
620 1460 778 1498 secessit.
846 1458 901 1496 At
931 1473 998 1496 nos
1049 1473 1122 1495 mm
1165 1459 1376 1509 imperium,

143 1527 260 1563 neque
312 1513 486 1560 divitias,
515 1514 711 1565 petimus·
697 1543 708 1558 ,
753 1527 909 1564 quarum
948 1526 1073 1550 rerum
1106 1512 1234 1557 cause,
1282 1512 1376 1550 bella

143 1571 252 1617 atque
288 1566 499 1604 certamina
532 1567 659 1604 omnia
691 1567 790 1603 inter
816 1565 989 1603 mortalis
1022 1570 1108 1602 sunt
1126 1582 1138 1602 .·
1173 1570 1234 1602 sed
1268 1565 1376 1603 liber-

143 1626 275 1664 tatem,
297 1634 412 1670 quam
429 1635 532 1658 nemo
561 1621 688 1666 bonus,
718 1620 796 1657 nisi
814 1633 896 1656 cum
916 1617 1044 1656 animci
1069 1618 1192 1663 simul,
1225 1619 1376 1657 amittit.

145 1674 195 1711 Te
226 1679 334 1724 atque
352 1678 524 1711 senatum
553 1675 792 1719 obtestamur,
813 1672 1016 1710 consulatis
1042 1672 1189 1709 miseris
1208 1671 1374 1719 civibus3

143 1726 241 1775 legis
271 1726 505 1776 praesidium,
534 1730 627 1778 quod
656 1726 838 1778 iniquitas
870 1725 1047 1775 prcetoris
1079 1725 1233 1775 eripuit,
1268 1725 1376 1763 resti-

144 1781 294 1824 tuatis,·
323 1779 412 1817 neve
456 1780 563 1818 nobis
608 1795 691 1818 eam
723 1779 1031 1816 necessitudinem
1073 1778 1292 1828 imponatis,
1331 1783 1374 1815 ut

144 1847 363 1885 quaeramuS,
400 1848 561 1885 quonam
595 1835 717 1880 modo,
751 1833 823 1870 ulti
853 1831 1024 1870 maxume
1054 1831 1273 1883 sanguinem
1292 1846 1375 1869 nos-

143 1894 256 1928 trum.
285 1900 495 1937 pereamus,

196 1942 258 1978 Ad
285 1941 365 1977 haec
395 1942 440 1985 Q.
468 1940 633 1977 Marcius
660 1940 861 1989 respondit,
891 1939 921 1976 si
947 1939 1038 1989 quid
1068 1940 1115 1975 ab
1145 1944 1275 1975 senatu
1306 1952 1371 1987 pe-

143 2001 220 2033 tere
253 1994 401 2040 vellent,
436 1996 483 2032 ab
515 1994 624 2030 armis
661 1993 863 2037 discedant,
882 1993 1040 2030 Romam
1069 1992 1256 2041 supplices
1291 2005 1374 2040 pro-

143 2050 376 2086 ficiscantur:
411 2061 456 2084 ea
484 2046 733 2083 misericordia
763 2052 873 2096 atque
901 2046 1183 2083 mansuetudine
1205 2050 1372 2081 senatum

143 2101 396 2153 populumque
425 2101 633 2137 Romanum
662 2113 808 2148 semper
832 2100 961 2145 fuisse,
997 2104 1036 2135 ut
1066 2111 1171 2134 nemo
1210 2111 1372 2148 unquam

144 2157 191 2192 ab
224 2168 268 2191 eo
300 2153 435 2190 frustra,
471 2153 648 2190 auxilium
681 2154 862 2201 petiverit.
915 2152 968 2189 At
988 2151 1144 2189 Catilina
1172 2165 1216 2187 ex
1243 2151 1373 2188 itinere

143 2208 331 2258 plerisque
365 2207 635 2251 consularibus,
663 2205 840 2254 praeterea
877 2212 1028 2255 optumo
1065 2205 1212 2254 cuique,
1247 2204 1371 2241 literas

144 2261 278 2299 mittit‘:
310 2274 364 2299 se.
394 2259 496 2296 salsis
530 2259 744 2296 criminibus
765 2260 1068 2303 circumventum,
1097 2258 1269 2306 quoniam
1297 2258 1370 2294 fac-

142 2315 234 2352 tioni
275 2313 506 2350 inimicorum
548 2313 717 2349 resistere
763 2313 983 2363 nequiverit,
1028 2311 1184 2347 fortunae
1225 2311 1370 2353 cedere,

148 2367 355 2406 Massiliam
373 2367 410 2404 in
428 2366 578 2404 exilium
597 2365 801 2416 proficisci:
831 2363 904 2403 non
923 2364 999 2415 quo
1029 2364 1099 2401 sibi
1128 2369 1229 2401 tanta
1259 2363 1375 2408 scele-
