1492 2531
152 72 226 110 116
625 71 898 113 SALLUSTII

205 174 298 213 Inde
317 176 481 214 Ichnusa
500 177 700 227 appellata.
754 179 915 217 Solium.

202 230 369 266 Dubium
397 244 443 266 an
470 230 592 267 insula
620 232 680 275 sit,
709 234 809 283 quod
837 233 927 270 Euri
954 238 1065 283 atque
1096 232 1224 270 Austri
1254 247 1383 284 super-

145 283 254 333 jactis
273 283 447 320 fluctibus
468 284 706 323 circumlavit.
759 285 933 323 Nonzus:
962 286 1072 332 lavit,
1082 300 1151 337 pro
1170 287 1288 324 lavat.

203 335 304 372 Nam
331 336 472 373 Sullam
501 338 692 374 consulem
721 340 767 376 de
794 340 916 377 reditu
944 341 1024 390 ejus
1052 340 1173 390 legem
1203 341 1382 377 ferentem

153 403 198 427 ex
228 390 434 439 composito
466 391 552 428 trib.
585 391 636 440 pl.
657 392 698 429 C.
719 393 929 430 Herennius
959 393 1209 441 prohibuerat.
1261 393 1384 430 Notat

154 442 252 480 Gell.
273 443 298 479 l.
317 456 352 479 Χ.
382 458 411 479 c.
428 457 492 480 xx.
555 443 795 491 Sallustium,
828 446 1068 496 proprietatzs
1104 447 1142 483 in
1177 445 1300 483 verbzs
1326 459 1384 483 re-

152 495 452 541 tmentisszmmn,
483 498 739 535 consuetudini
778 500 1007 544 concessisse,
1051 505 1082 536 et
1119 499 1382 550 privilegium,

153 550 252 600 quod
268 552 308 586 (le
330 549 395 586 Cn.
409 551 585 602 Pompeii
596 551 737 602 Ilsccgm
751 552 880 602 patris
895 552 1019 590 reditu
1028 552 1245 602 ferebatur,
1264 552 1384 603 legem

154 601 373 653 appellcisse.

207 657 307 694 Nam
325 657 468 706 procul,
488 663 525 695 et
543 658 698 696 diversis
718 673 763 696 ex
783 660 1016 710 regionibus.
1084 657 1279 696 Carisius:
1306 655 1384 695 As-

150 723 232 760 per,
253 711 395 759 procul,
415 711 554 761 inquit,
574 717 629 749 est
649 711 666 748 ὲ
686 712 773 750 loco.

208 763 370 800 Obviam
389 763 505 802 fuere.
563 765 748 812 Carisius,
767 765 934 803 ibidem.-
979 764 1118 816 Asper,
1149 764 1220 810 az't,
1248 762 1386 802 vetuste}

157 816 304 853 obviam
324 818 438 864 fuere,
467 819 638 856 adverbio
657 818 765 870 qzts'mz
784 819 932 856 nomine
949 821 1007 856 uti
1024 817 1175 856 maluit.

208 871 310 908 Urbe
330 871 518 921 patriaque
538 879 713 910 extorres.
770 873 930 910 Messus.

210 925 339 961 Genus
359 925 515 962 militum
534 933 679 964 suetum
701 926 723 963 εὶ
738 925 896 976 pueritia
913 925 1129 962 latrociniis.
1185 924 1304 963 Idem.

209 977 312 1014 Inter
338 978 433 1015 laeva
460 981 633 1016 moenium
663 985 699 1016 et
727 981 896 1017 dextrum
924 980 1060 1016 flumen
1089 978 1254 1024 Turiam,
1285 978 1387 1028 quod

157 1030 369 1068 Valentiam
397 1045 511 1084 parvo
538 1033 732 1070 intervallo
762 1033 988 1083 praeterfluit.
1040 1032 1169 1068 Prisc.
1191 1031 1213 1069 l.
1231 1047 1265 1070 v.
1284 1037 1318 1069 et
1337 1032 1386 1069 vi.

161 1083 322 1121 Turiam
348 1081 456 1132 dixit,
485 1085 550 1137 qui
569 1088 805 1125 accusativus
829 1099 982 1136 genens
1007 1085 1211 1122 masculini
1228 1089 1295 1131 esc,
1314 1098 1390 1122 mm

159 1137 295 1175 neutri.

212 1192 257 1228 In
285 1191 435 1238 fiducia,
463 1206 576 1243 quam
595 1193 837 1243 argumentis,
872 1193 1108 1243 purgatiores
1145 1192 1389 1229 dimittuntur.

161 1242 301 1283 Donat.
331 1245 483 1283 Plzorm.
513 1251 583 1284 act.
610 1247 633 1283 i.
660 1260 710 1284 sc.
729 1247 776 1293 33
838 1251 874 1283 et
922 1247 1060 1297 Hecyr.
1101 1249 1174 1282 act.
1203 1245 1254 1283 iv.
1283 1258 1333 1282 se.
1350 1245 1389 1282 4.

160 1297 333 1335 Nonius:
368 1299 535 1336 Fiducia
553 1304 607 1337 est
626 1300 800 1337 audacia.
852 1300 1018 1337 Servius.

213 1351 427 1403 Antequam
456 1367 646 1404 regressus
674 1354 857 1391 Sertorius
888 1354 1084 1390 instrueret
1112 1365 1251 1403 pugnae
1285 1364 1390 1388 suos.

163 1404 387 1443 Arusianus

214 1459 303 1508 Ipse
323 1460 434 1497 animi
453 1466 569 1498 atrox.
623 1460 744 1498 Idem.

217 1514 344 1563 Copiis
362 1515 518 1564 integra.
571 1513 686 1551 idem.

217 1566 360 1604 Eodem
389 1581 485 1605 anno
525 1568 561 1604 in
597 1565 823 1604 Macedonia
860 1567 901 1605 C.
920 1567 1046 1612 Curio,
1083 1565 1264 1615 principio
1292 1565 1392 1602 veris

164 1634 247 1657 curn
268 1622 432 1658 exercitu
460 1622 648 1670 profectus
678 1622 715 1657 in
744 1621 984 1667 Dardaniam,
1013 1620 1149 1670 quibus
1169 1619 1293 1669 potuit
1311 1632 1391 1655 mo-

165 1675 235 1719 dis,
248 1674 363 1711 dictas
378 1675 554 1723 pecunias
568 1675 703 1725 coegit.
719 1674 869 1711 Nonius
879 1690 891 1710 .·
906 1674 1078 1717 Discere,
1094 1678 1148 1710 est
1159 1671 1390 1723 promittere.

219 1727 324 1772 Post,
344 1728 436 1765 ubi
427 1742 463 1764 m
478 1729 615 1765 fiducia
630 1729 777 1765 nimius.
829 1726 1061 1765 Arusianus.

219 1781 331 1818 Sed
322 1782 396 1831 lpsi
424 1781 547 1819 ferunt
573 1788 719 1819 taurum
747 1795 793 1818 ex
821 1795 950 1832 grege,
985 1794 1095 1831 quem
1122 1792 1240 1829 prope
1267 1777 1392 1815 littora

169 1836 336 1884 regebat,
357 1836 473 1872 Corsa
490 1836 650 1880 nomine,
670 1835 789 1884 Ligus
809 1835 948 1872 mulier
1007 1833 1136 1871 Prisc.
1156 1831 1219 1868 lib.
1237 1831 1287 1869 vi.

222 1888 322 1925 Nam
363 1890 531 1938 quaedam
579 1889 695 1926 Corsa
738 1888 898 1933 nomine,
943 1888 1062 1938 Ligus
1106 1885 1260 1922 mulier:
1306 1897 1392 1920 cum

169 1947 314 1978 taurum
343 1955 387 1978 ex
415 1956 542 1992 grege,
584 1956 693 1991 quem
720 1955 835 1991 prope
872 1941 997 1979 littora
1024 1941 1193 1990 regebat,
1231 1943 1395 1974 transna-

170 2000 246 2031 tare
268 1994 427 2042 solitum,
455 2002 567 2046 atque
596 2010 663 2056 per
689 1994 881 2032 intervalla
910 2008 1063 2044 corpore
1092 1997 1201 2029 aucto
1228 2003 1394 2028 remeare

169 2048 336 2095 videret3
375 2049 530 2098 cupiens
568 2049 660 2086 scire
688 2049 877 2098 incognita
905 2049 976 2085 sibi
1004 2046 1153 2098 pabula,
1184 2050 1344 2089 taurum,
1371 2056 1394 2080 a

171 2102 317 2138 caeteris
359 2102 648 2152 degredientem,
687 2115 804 2151 usque
845 2102 892 2138 ad
928 2101 1086 2138 insulam
1124 2097 1272 2147 navigio
1306 2109 1394 2146 pro-

171 2161 300 2192 secuta
338 2161 405 2192 est.
478 2157 596 2205 Cujus
629 2169 816 2205 regressu,
844 2155 974 2192 insulae
1003 2152 1228 2191 fertilitatem
1258 2162 1396 2199 cogno-

172 2214 319 2245 scentes
339 2208 512 2259 Ligures,
536 2210 679 2245 ratibus
699 2207 744 2246 eo
771 2209 928 2258 profecti
947 2213 1045 2253 sunt,
1072 2218 1228 2254 eamque
1248 2203 1395 2240 nomine

170 2261 334 2351 miglieris
361 2263 521 2300 auctoris
549 2268 586 2299 et
613 2262 718 2299 ducis
737 2262 1027 2312 appellaverunt.
1079 2257 1264 2304 Isidorus,
1281 2255 1306 2294 l.
1320 2256 1394 2294 xiv.

169 2327 197 2352 c.
242 2344 249 2352 .
