1492 2531
369 49 587 88 BELLUM
621 50 642 87 J
646 49 1023 88 UGURTHINUM.
1268 51 1317 88 93

78 154 268 204 ingenium
314 160 405 198 erat,
453 155 505 191 ita
558 167 634 190 rem
678 153 861 190 difficilem
900 158 964 190 aut
999 152 1144 189 facilem
1187 166 1322 190 renun-

80 206 239 246 ciavere.
313 207 485 245 Consulis
532 207 678 244 animus
728 213 850 243 tamen
903 206 1093 266 paululum
1144 212 1323 244 arrectus.

79 261 209 311 Itaque
242 275 288 297 ex
325 260 433 308 copia
468 261 675 297 tubicinum
710 266 747 297 et
780 261 1022 305 cornicinum,
1060 261 1225 308 quinque
1259 273 1322 296 nu-

79 329 181 351 mero
210 313 322 363 quam
342 313 609 350 velocissumos
629 313 782 363 delegit,
802 320 838 350 et
859 327 943 350 cum
962 313 1032 359 his,
1052 313 1229 363 praesidio
1259 313 1322 362 qui

79 368 211 412 forent,
240 373 398 427 quatuor
430 368 689 404 centuriones:
731 366 926 416 omnisque
957 367 1089 415 Liguri
1119 380 1248 415 parere
1264 367 1324 416 ju-

78 422 164 457 bet:
196 425 232 457 et
252 421 285 457 ei
311 421 460 470 negotio
491 434 713 469 proxumum
737 420 835 456 diem
869 420 1068 456 constituit.
1135 419 1224 464 Sed,
1258 420 1323 456 ubi

79 487 126 510 ex
153 480 344 523 praecepto
374 481 521 523 tempus
551 475 696 519 visum3
742 474 880 522 paratis
913 473 1205 523 compositisque
1247 487 1325 509 om-

78 526 202 573 nibus,
233 528 280 564 ad
304 527 427 564 locum
458 528 593 577 pergit.
659 526 846 564 Caeterum
865 526 932 569 illi,
954 527 1017 576 qui
1037 527 1212 564 centuriis
1233 540 1325 576 proe-

79 586 197 625 erant,
226 581 406 629 praedocti
431 582 478 617 ab
514 581 622 626 duce,
652 594 754 617 arma
787 586 1031 630 ornatumque
1059 586 1321 622 mutaverant:

80 634 202 682 capite
231 640 342 683 atque
375 634 532 683 pedibus
561 634 686 678 nudis,
718 632 770 670 uti
799 639 1020 683 prospectus
1048 634 1225 682 nisusque
1258 647 1325 683 per

81 700 169 723 saxa
190 687 333 723 facilius
354 688 468 733 foret,
498 702 612 737 super
631 694 735 737 terga
760 687 873 737 gladii
897 692 932 724 et
963 691 1093 733 scuta余
1121 687 1253 724 verum
1280 700 1324 723 ea

79 739 296 785 Numidica,
326 754 373 777 ex
417 741 539 787 coriis,
572 741 748 790 ponderis
781 741 901 790 gratia
937 740 1059 786 simul,
1092 745 1141 785 et,
1172 740 1324 785 offensa,

81 791 157 842 quu
187 793 307 829 lenius
334 801 553 843 streperent.
626 793 746 844 Igitur
784 795 1035 843 praegrediens
1066 793 1184 843 Ligus
1222 807 1326 839 saxa,

80 852 118 883 et
136 847 167 883 si
185 860 270 895 quae
290 853 473 884 vetustate
493 847 638 884 radices
675 848 901 892 eminebant,
935 847 1077 897 laqueis
1114 847 1325 893 vinciebat3

82 900 218 949 quibus
255 900 406 938 allevati
437 901 585 945 milites,
615 901 756 937 facilius
791 901 1089 937 adscenderent:
1137 900 1324 937 interdum

80 953 230 990 timidos
248 954 447 991 insolentia
466 954 603 991 itineris
633 954 755 991 levare
776 968 886 990 manu
904 969 911 990 :
941 954 1006 990 ubi
1025 952 1138 1002 paulo
1157 953 1326 1003 asperior

82 1007 286 1044 adscensus
323 1014 414 1053 erat,
451 1008 619 1057 singulos
656 1022 732 1057 prae
749 1021 788 1044 se
826 1009 985 1044 inermes
1024 1007 1192 1043 mittere:
1240 1008 1325 1044 dein

81 1060 163 1109 ipse
183 1074 266 1097 cum
291 1061 437 1098 illorum
468 1062 578 1097 armis
599 1061 728 1111 sequi:
770 1074 854 1109 quae
885 1061 999 1097 dubia
1026 1060 1123 1096 nisui
1151 1060 1327 1097 videban-

83 1118 143 1150 tur
178 1114 424 1163 potissumum
455 1120 623 1151 tentare:
672 1128 729 1157 ac,
762 1115 900 1163 saepius
931 1114 1061 1151 eadem
1094 1114 1326 1150 adscendens

84 1180 127 1202 ac
157 1168 402 1211 descendens,
434 1168 516 1204 dein
549 1166 676 1204 statim
703 1168 927 1217 digrediens,
957 1167 1101 1204 caeteris
1129 1167 1327 1203 audaciam

84 1220 231 1257 addere.
286 1221 406 1271 Igitur
425 1221 487 1258 diu
506 1221 736 1271 multumque
762 1222 920 1271 fatigati,
948 1221 1099 1257 tandem
1127 1220 1165 1256 in
1195 1220 1328 1257 castel-

82 1272 161 1309 lum
194 1275 426 1323 perveniunt,
470 1275 657 1311 desertum
700 1275 747 1310 ab
791 1275 837 1312 ea
872 1280 996 1323 parte3
1036 1271 1140 1323 quod
1185 1286 1328 1319 omneS,

84 1326 180 1363 sicut
206 1327 288 1363 aliis
308 1328 452 1374 diebus,
472 1327 671 1365 advorsum
691 1328 818 1365 hostes
851 1329 1014 1365 aderant.
1072 1326 1232 1373 Marius,
1262 1327 1327 1364 ubi

85 1394 131 1417 ex
149 1381 306 1426 nunciis,
341 1395 425 1432 quae
455 1382 571 1431 Ligus
591 1387 733 1431 egerat,
763 1381 958 1431 cognovit:
991 1379 1218 1432 quamquam
1249 1385 1329 1417 toto

85 1433 145 1469 die
181 1433 341 1471 intentos
379 1435 509 1485 proelio
541 1434 725 1471 Numidas
762 1434 966 1481 habuerat3
1014 1440 1092 1470 tum
1127 1432 1232 1480 vero,
1269 1448 1329 1471 co-

84 1486 251 1524 hortatus
270 1488 419 1532 milites,
445 1496 482 1527 et
511 1489 593 1537 ipse
621 1493 726 1525 extra
760 1489 887 1525 vineas
921 1501 1108 1536 egressuS,
1142 1487 1328 1525 testudine

86 1540 170 1576 acta
201 1542 415 1589 succedere,
443 1549 479 1579 et
515 1541 623 1579 simul
652 1542 797 1579 hostem
829 1542 1019 1579 tormentis
1055 1540 1329 1591 sagittariisque

87 1598 124 1630 et
143 1593 391 1632 funditoribus
411 1597 554 1633 eminus
574 1601 723 1633 terrere.
779 1595 831 1632 At
860 1595 1053 1641 Numidae,
1082 1594 1185 1643 saepe
1218 1593 1329 1631 antea

87 1647 204 1684 vineis
233 1647 489 1686 Romanorum
522 1649 723 1692 subversis,
754 1648 842 1685 item
873 1648 1049 1693 incensis,
1081 1661 1156 1684 non
1188 1647 1332 1685 castelli

87 1701 271 1738 moenibus
297 1716 399 1740 sesse
419 1705 659 1748 tutabantur3
688 1702 755 1738 sed
779 1716 845 1751 pro
877 1716 983 1738 muro
1016 1701 1095 1737 dies
1126 1707 1330 1752 noctesque

87 1754 253 1803 agitare:
302 1756 522 1793 maledicere
554 1756 757 1800 Romanis3
801 1769 843 1791 ac
874 1756 995 1792 Mario
1027 1755 1239 1793 vecordiam
1269 1755 1333 1791 ob-

83 1807 247 1857 jectare3
290 1809 469 1846 militibus
519 1810 654 1846 nostris
701 1808 895 1859 Jugurthae
943 1809 1136 1846 servitium
1177 1807 1332 1854 minari3

90 1861 263 1898 secundis
290 1863 403 1899 rebus
424 1864 568 1900 feroces
601 1875 694 1899 esse.
747 1861 917 1906 Interim,
947 1861 1126 1898 Romanis
1159 1861 1331 1898 omnibus

89 1914 332 1964 hostibusque
382 1917 510 1966 proelio
551 1917 715 1959 intentis,
756 1916 894 1965 magna
938 1917 974 1952 vi
1022 1915 1221 1965 utrimque,
1263 1928 1332 1964 pro

91 1967 209 2016 gloria
234 1976 343 2018 atque
370 1970 523 2019 imperio
554 1970 625 2015 his,
655 1969 728 2006 illis
759 1983 826 2018 pro
856 1970 974 2006 salute
1008 1970 1247 2013 certantibus,
1278 1982 1334 2004 re-

91 2021 205 2068 pente
224 2021 246 2058 a
269 2028 373 2072 tergo
393 2024 500 2073 signa
528 2037 682 2060 canere:
712 2037 755 2059 ac
782 2022 901 2072 primu
925 2022 1111 2066 mulieres,
1145 2026 1181 2058 et
1215 2022 1334 2071 pueri,

93 2075 156 2121 qui
176 2076 293 2111 visum
320 2083 593 2126 processerant,
619 2077 775 2126 fugere余
814 2075 961 2122 deinde,
988 2074 1043 2112 uti
1069 2076 1228 2126 quisque
1255 2089 1335 2111 mu-

93 2140 134 2163 ro
154 2141 358 2176 proxumus
383 2136 484 2175 erat余
523 2128 727 2179 postremo,
759 2131 883 2166 cuncti
924 2129 1054 2168 armati
1085 2129 1334 2179 inermesque.

94 2180 207 2224 Quod
226 2182 287 2219 ubi
314 2184 474 2221 accidit:
507 2182 553 2221 eu
580 2183 700 2220 acrius
731 2182 890 2220 Romani
912 2184 1063 2226 instare,
1090 2182 1259 2226 fundere,
1290 2195 1334 2218 ac

94 2235 291 2284 plerosque
322 2236 581 2274 tantummodo
611 2237 797 2273 sauciare:
841 2236 927 2274 dein
970 2249 1084 2286 super
1124 2235 1333 2272 occisorum

95 2301 250 2338 corpora
286 2291 434 2337 vadere,
470 2291 568 2329 avidi
604 2290 744 2341 gloriae,
778 2295 963 2328 certantes
998 2303 1146 2327 murum
1181 2294 1334 2338 petere余
