1492 2531
385 93 603 132 BELLUM
638 91 1041 132 JUGURTHINUM.
1286 91 1336 128 39

94 212 165 235 non
198 212 238 235 se
271 198 373 244 luxu,
401 211 520 248 neque
555 197 696 234 inertiae
734 196 1045 245 corrumpendum
1081 194 1196 231 dedit.
1244 195 1332 239 Sed,

95 251 150 289 uti
184 265 263 288 mos
298 251 418 302 gentis
453 252 550 288 illius
587 256 655 296 est,
692 251 871 300 equitare,
899 248 1073 300 jaculari,
1100 262 1211 285 cursu
1247 262 1333 285 cum

95 305 299 355 aequalibus
327 310 489 342 certare:
520 311 570 349 et,
601 303 685 340 cum
718 303 839 340 omnis
868 303 987 353 gloria
1016 302 1188 348 anteiret,
1217 303 1335 338 omni-

94 359 165 395 bus
195 364 315 395 tamen
353 358 483 394 charus
520 371 629 394 esse:
674 358 722 393 ad
761 357 844 400 hoc,
880 356 1059 405 pleraque
1100 361 1268 404 tempora
1296 355 1333 391 in

95 411 262 448 venando
280 425 392 461 agere
408 426 416 457 3
435 410 582 448 leonem
598 416 708 460 atque
722 410 813 446 alias
834 410 931 446 feras
950 411 1107 458 primus,
1123 414 1188 446 aut
1206 409 1244 446 in
1266 408 1335 458 pri-

94 464 177 507 mis,
196 464 325 501 ferire:
356 464 555 514 plurimum
574 464 708 509 facere,
727 469 763 500 et
780 462 972 499 minimum
990 463 1070 511 ipse
1090 463 1134 498 de
1154 475 1194 499 se
1219 461 1336 511 loqui.

96 516 244 560 Quibus
265 518 375 554 rebus
403 517 566 567 Micipsa
589 517 738 553 tametsi
766 517 868 553 initio
900 516 1009 552 laetus
1030 516 1162 560 fuerat,
1192 515 1334 552 existu-

93 584 199 607 mans
228 571 403 608 virtutem
432 570 627 620 Jugurthae
658 583 773 619 regno
803 583 869 606 suo
902 568 1030 619 gloriae
1062 569 1166 607 fore:
1196 574 1335 614 tamen,

94 623 293 674 postquam
329 624 515 660 hominem
547 623 836 669 adolescentem,
868 623 1000 659 exacta
1033 628 1142 659 aetate
1181 622 1262 670 sua,
1299 628 1336 660 et

95 677 218 725 parvis
248 677 388 722 liberis,
416 677 535 727 magis
570 675 768 727 magisque
805 689 970 713 crescere
1005 676 1192 725 intelligit,
1227 675 1339 713 vehe-

96 736 237 767 menter
269 745 313 767 eo
342 731 492 779 negotio
519 736 724 780 permotus,
755 730 868 766 multa
902 743 986 766 cum
1020 730 1141 766 animo
1167 742 1235 766 suo
1262 730 1338 766 vol-

96 784 218 820 vebat.
271 783 454 820 Terrebat
486 798 570 821 eum
607 788 738 819 natura
773 783 998 829 mortalium,
1034 783 1144 819 avida
1179 783 1337 831 imperii,

98 841 134 872 et
165 850 330 885 praeceps
366 837 414 873 ad
449 837 673 887 explendam
717 837 828 873 animi
865 836 1096 886 cupidinem:
1142 836 1336 884 praeterea,

97 891 353 938 opportunitas
400 903 555 941 suaeque
601 896 637 927 et
681 889 881 927 liberorum
929 891 1061 935 aetatis,
1098 902 1183 940 quae
1225 889 1337 927 etiam

96 944 300 980 mediocres
341 944 440 980 viros
477 958 542 992 spe
584 943 720 992 praedae
763 950 996 981 transvorsos
1033 944 1133 993 agit3
1169 944 1217 980 ad
1252 943 1337 989 hoc,

98 996 221 1033 studia
252 997 502 1034 Numidarum
531 998 568 1033 in
597 996 821 1046 Jugurtham
853 1010 1036 1034 accensa:
1067 1009 1115 1034 ex
1135 998 1287 1047 quibus,
1307 998 1336 1033 si

98 1049 209 1086 talem
228 1050 347 1086 virum
367 1051 463 1086 dolis
481 1050 738 1096 interfecisset,
765 1049 811 1086 ne
831 1049 906 1099 qua
932 1050 1081 1091 seditio,
1108 1057 1171 1087 aut
1195 1050 1337 1087 bellurn

99 1102 269 1148 oriretur,
304 1104 437 1140 anxius
475 1109 564 1141 erat,
627 1103 696 1139 His
734 1104 1014 1140 difficultatibus
1050 1104 1339 1149 circumventus,

100 1156 165 1192 ubi
194 1157 306 1198 videt,
337 1169 457 1206 neque
491 1170 559 1205 per
584 1157 673 1195 vim,
697 1170 819 1206 neque
855 1157 1008 1199 insidiis,
1039 1157 1199 1206 opprimi
1229 1171 1339 1206 posse

99 1208 286 1246 hominem
305 1215 381 1246 tam
401 1215 597 1258 acceptum
627 1209 886 1258 popularibus,
916 1208 1018 1260 quod
1048 1217 1125 1247 erat
1157 1211 1339 1260 ‚Iugurtha

99 1275 210 1298 manu
229 1268 438 1312 promptuS,
460 1269 496 1299 et
523 1269 703 1312 appetens
728 1263 855 1311 gloriae
886 1263 1067 1309 militaris,
1098 1265 1226 1301 statuit
1254 1277 1339 1301 eum

101 1316 285 1365 objectare
305 1316 493 1364 periculiS,
523 1321 559 1352 et
589 1330 632 1352 eo
662 1317 773 1353 modo
803 1316 988 1353 fortunam
1013 1323 1165 1355 tentare.
1220 1318 1340 1367 Igitur

99 1368 199 1405 bello
228 1368 457 1405 Numantino
491 1369 667 1419 Micipsa,
691 1369 774 1406 cum
805 1370 946 1420 populo
973 1369 1142 1407 Romano
1171 1373 1339 1421 equitum

101 1429 212 1472 atque
245 1422 409 1470 peditum
440 1423 579 1459 auxilia
610 1422 786 1469 mitteret,
819 1437 985 1472 sperans,
1020 1425 1080 1461 vel
1117 1425 1340 1462 ostentando

101 1474 287 1521 virtutem,
323 1475 383 1512 vel
429 1476 589 1512 hostium
628 1477 782 1516 saevitia.
823 1476 932 1513 facile
974 1491 1059 1513 eum
1104 1491 1341 1523 occasurum,

101 1529 264 1576 pracfecit
297 1528 486 1573 Numidis,
517 1542 611 1579 quos
644 1530 682 1566 in
718 1529 938 1580 Hispaniam
974 1531 1165 1569 mittebat:
1199 1533 1265 1569 sed
1297 1545 1342 1568 ea

102 1594 160 1618 res
197 1581 309 1631 longe
345 1581 466 1627 aliter,
498 1596 540 1619 ac
583 1588 688 1619 ratus
733 1591 824 1627 erat,
871 1584 1005 1621 evenit.
1074 1585 1174 1622 Nam
1205 1585 1343 1635 Jugur-

101 1634 176 1678 tha,
213 1640 253 1671 ut
289 1641 366 1672 erat
400 1635 558 1684 impigro
592 1640 702 1686 atque
747 1637 822 1673 acri
863 1637 1025 1686 ingenio,
1073 1639 1135 1675 ubi
1171 1644 1341 1675 naturam

103 1687 146 1724 P.
168 1687 366 1736 Scipionis,
387 1690 449 1739 qui
482 1695 558 1724 tum
592 1689 770 1726 Romanis
795 1691 995 1741 imperator
1024 1697 1114 1736 erat,
1136 1700 1173 1729 et
1200 1705 1341 1729 morem

101 1740 263 1777 hostium
298 1742 496 1792 cognovit3
542 1742 659 1779 multo
696 1743 821 1780 labore
866 1743 1057 1794 multaque
1101 1745 1205 1790 cura,
1250 1759 1342 1796 prae—

102 1794 205 1831 terea
253 1795 526 1832 modestissime
569 1797 746 1844 parendo,
791 1802 828 1833 et
873 1797 976 1846 saept}
1027 1798 1174 1836 obviam
1217 1800 1340 1836 eundo

102 1847 291 1895 periculis,
327 1848 364 1884 in
400 1853 537 1885 tantam
579 1849 835 1886 claritudinem
878 1849 982 1887 brevi
1018 1857 1249 1901 pervenerat.
1286 1853 1341 1891 uti

102 1902 238 1937 nostris
273 1901 507 1938 vehementer
543 1902 689 1948 charus,
722 1903 962 1946 Numantinis
994 1918 1169 1942 maxumo
1196 1906 1340 1951 terrori,

103 1960 222 1990 esset:
253 1967 295 1989 ac
330 1954 433 1999 sane,
458 1956 559 2005 quod
583 1955 839 1993 difficillimum
868 1957 905 1992 in
929 1958 1054 2006 primis
1083 1965 1152 2002 est,
1185 1965 1221 1996 et
1248 1974 1343 2009 prm-

102 2006 152 2044 lio
186 2013 358 2044 strenuus
391 2013 480 2053 erat,
517 2014 552 2044 et
591 2010 713 2045 bonus
756 2009 935 2053 consili03
984 2024 1142 2062 quorum
1183 2013 1341 2050 alterum

104 2073 151 2096 ex
189 2060 422 2109 providentia
457 2062 638 2103 timorem,
681 2062 837 2100 alterum
874 2076 921 2099 ex
964 2065 1120 2103 audaciai
1158 2068 1343 2105 temerita-

104 2120 190 2159 tem,
227 2113 371 2150 adferre
404 2113 623 2164 plerumque
665 2116 768 2153 solet.
836 2115 957 2165 Igitur
988 2118 1188 2168 imperator
1220 2120 1342 2157 omnis

104 2166 182 2205 fere
208 2180 265 2202 res
299 2180 450 2216 asperas
481 2181 547 2216 per
570 2168 793 2219 Jugurtham
818 2183 941 2218 agere,
972 2171 1008 2207 in
1034 2172 1161 2208 amicis
1193 2173 1342 2221 habere,

105 2218 224 2267 magis
269 2219 465 2270 magisque
510 2234 594 2257 eum
630 2222 749 2258 indies
787 2223 986 2271 amplecti3
1036 2226 1192 2276 quippe,
1234 2228 1341 2277 cujus

106 2284 225 2322 neque
271 2273 466 2310 consilium
514 2287 635 2324 neque
682 2275 871 2325 inceptum
914 2277 1031 2314 ullum
1080 2278 1217 2316 frustra
1253 2287 1342 2318 erat.

105 2324 191 2362 Huc
226 2326 426 2364 accedebat
462 2328 713 2366 munificentia
755 2329 865 2366 animi
904 2335 941 2368 et
979 2331 1118 2382 ingenii
1153 2333 1341 2380 sollertia;
