1492 2531
139 142 164 179 2
609 143 879 183 SALLUSTII

141 252 253 296 atque
290 246 520 284 constantius
566 259 648 283 sese
692 261 751 284 res
797 247 966 285 humanae
1010 248 1207 297 haberent3
1248 263 1369 301 neque

140 299 244 336 aliud
269 298 343 336 alio
375 300 474 344 ferri,
510 313 631 349 neque
665 301 797 337 mutari
833 314 876 337 ac
908 302 1054 339 misceri
1082 304 1215 348 omnia,
1246 317 1371 342 cerne-

140 367 213 390 res.
266 352 366 390 Nam
397 353 591 403 imperium
627 353 736 390 facile
765 354 809 391 iis
840 355 980 392 artibus
1011 356 1203 401 retinetur,
1234 357 1370 406 quibus

140 406 244 443 initio
287 412 432 456 partum
463 411 531 443 est.
583 405 739 452 Verum,
768 407 833 444 ubi
861 421 928 457 pro
953 408 1080 446 labore
1114 410 1268 454 desidia,
1304 424 1371 461 pro

143 458 370 497 continentia
399 465 435 497 et
467 459 639 508 aequitate
672 460 802 497 lubido
834 468 945 511 atque
975 463 1150 512 superbia
1176 462 1371 509 invasere3

141 514 289 550 fortuna
329 512 437 550 simul
477 526 563 549 cum
605 514 769 550 moribus
802 514 1025 552 immutatur.
1090 516 1147 553 Ita
1178 516 1372 565 imperium

143 580 290 616 semper
308 566 355 602 ad
385 571 578 616 optumum
605 580 791 617 quemque
817 567 840 604 a
869 568 990 605 minus
1015 570 1114 606 bono
1146 570 1372 607 transfertur.

145 619 240 663 Quae
272 620 438 656 homines
483 625 601 666 arant,
634 621 824 670 navigant,
853 621 1052 668 aedificant,
1094 622 1219 660 virtuti
1251 623 1373 660 omnia

143 679 286 722 parent.
339 673 416 710 Sed
443 673 547 710 multi
577 673 764 717 mortales,
807 675 923 711 dediti
946 676 1067 713 ventri
1095 681 1203 724 atque
1231 690 1374 722 somno,

142 726 282 763 indocti
310 726 529 776 incultique,
568 727 680 763 vitam
721 727 830 764 sicuti
860 729 1139 778 peregrinantes
1175 729 1373 766 transiero:

143 780 293 829 quibus,
322 779 490 829 profecto
517 785 645 817 contra
670 787 852 825 naturam,
872 795 1007 831 corpus
1032 783 1225 831 voluptati,
1253 783 1376 820 anima

145 833 247 870 oneri
274 833 355 870 fuit.
408 834 547 870 Eorum
575 847 645 884 ego
674 834 786 870 vitam
813 842 1045 886 mortemque
1068 834 1176 887 juxta
1195 841 1373 873 aestumo:

143 888 320 936 quoniam
347 887 393 924 de
425 886 581 936 utraque
607 887 746 925 siletur.
801 888 942 925 Verum
970 887 1157 926 enimvero
1175 889 1207 926 is
1227 889 1376 926 demum

143 940 233 977 mihi
250 941 372 977 vivere
404 946 442 977 et
469 940 541 976 frui
558 940 681 977 anima
698 941 857 987 videtur,
886 942 963 993 qui,
992 942 1117 992 aliquo
1146 941 1295 992 negotio
1323 942 1377 979 in-

143 998 283 1040 tentus,
312 993 483 1043 praeclari
517 993 690 1031 facinoris
721 1000 785 1031 aut
813 995 900 1032 artis
931 996 1041 1032 bonae
1074 996 1210 1032 famam
1236 995 1378 1045 quaerit.

143 1047 221 1084 Sed
239 1048 276 1083 in
297 1046 432 1097 magna
462 1047 570 1096 copia
587 1061 723 1093 rerum,
751 1048 853 1092 aliud
871 1048 933 1085 alii
958 1054 1090 1086 natura
1107 1050 1177 1086 iter
1204 1049 1378 1086 ostendit.

145 1099 351 1137 Pulchrum
370 1106 426 1138 est
450 1099 547 1138 bene
576 1101 696 1138 facere
726 1102 967 1151 reipublicae3
1007 1103 1118 1140 etiam
1136 1101 1233 1140 bene
1254 1102 1377 1140 dicere

144 1154 244 1191 haud
264 1155 466 1191 absurdum
486 1159 553 1191 est.
606 1154 679 1191 Vel
698 1169 806 1204 pace,
838 1155 898 1192 vel
917 1155 1032 1201 bello,
1060 1156 1198 1193 clarum
1224 1156 1303 1193 fieri
1333 1155 1378 1192 li-

147 1214 228 1245 cet:
259 1214 296 1245 et
323 1207 387 1257 qui
411 1206 546 1252 fecere,
574 1213 612 1245 et
647 1208 711 1258 qui
741 1209 840 1246 sacta
867 1208 1022 1246 aliorum
1052 1207 1248 1259 scripsere,
1275 1208 1380 1246 multi

145 1260 355 1298 laudantur.
412 1260 470 1298 Ac
502 1261 591 1297 mihi
624 1262 786 1311 quidem,
805 1262 949 1299 tametsi
985 1262 1276 1313 haudquaquam
1312 1274 1382 1312 pat

146 1315 265 1364 gloria
291 1320 467 1364 sequatur
485 1315 705 1364 scriptorem
738 1321 775 1352 et
801 1321 988 1353 auctorem
1018 1329 1164 1354 rerum:
1192 1321 1315 1353 tamen
1343 1316 1382 1352 in

147 1369 276 1417 primis
289 1369 443 1405 arduum
461 1368 622 1412 videtur,
647 1381 707 1406 res
726 1374 853 1418 gestas
868 1370 1030 1406 scribere
1048 1385 1055 1406 ε
1086 1369 1260 1419 primum,
1279 1367 1382 1418 quod

148 1422 247 1458 sacta
279 1422 388 1459 dictis
426 1422 658 1472 exaequanda
689 1428 795 1459 sunt:
826 1423 926 1468 dein,
948 1422 1036 1472 quia
1072 1422 1252 1472 plerique,
1297 1435 1381 1472 quae

148 1476 283 1512 delicta
310 1475 607 1525 reprehenderis,
642 1474 904 1513 malevolentia
940 1481 977 1512 et
1007 1473 1147 1512 invidia
1177 1476 1277 1512 dicta
1311 1489 1381 1525 pu-

148 1535 254 1575 tant,
281 1529 347 1566 ubi
376 1529 420 1566 de
440 1527 576 1579 magna
596 1528 730 1566 virtute
749 1535 858 1579 atque
885 1527 1002 1578 gloria
1031 1530 1215 1566 bonorum
1242 1543 1382 1566 memo-

148 1596 234 1628 res;
262 1596 347 1631 quae
381 1582 452 1619 sibi
483 1582 642 1632 quisque
673 1582 796 1619 facilia
830 1583 932 1619 sactu
960 1588 1079 1632 putat,
1120 1595 1228 1632 aequo
1260 1583 1383 1620 animo

152 1637 307 1686 accipit;
335 1649 449 1685 supra
477 1649 523 1673 ea
553 1635 667 1672 veluti
695 1636 781 1672 ficta
803 1649 872 1685 pro
902 1635 1006 1673 falsis
1033 1636 1145 1673 ducit.
1208 1635 1284 1672 Sed
1313 1649 1384 1686 ego

151 1689 466 1736 adolescentulus,
484 1689 602 1733 initio,
631 1689 740 1726 sicuti
769 1689 952 1739 plerique,
983 1689 1105 1726 studio
1136 1689 1184 1726 ad
1213 1691 1386 1738 rempub-

152 1743 263 1780 licam
281 1742 377 1780 latus
398 1756 499 1779 sum:
528 1743 655 1792 ibique
674 1743 762 1779 mihi
793 1743 911 1780 multa
929 1742 1087 1780 advorsa
1112 1742 1232 1782 fuere.
1285 1742 1385 1780 Nam

154 1810 222 1847 pro
255 1797 412 1847 pudore,
448 1810 516 1846 pro
555 1795 792 1841 abstinentia,
834 1809 902 1846 pro
937 1796 1098 1842 virtute3
1127 1795 1294 1841 audacia,
1311 1795 1385 1832 lar-

155 1850 259 1901 gitio,
285 1849 448 1895 avaritia,
493 1849 690 1899 vigebant:
730 1863 815 1899 quae
852 1849 998 1886 tametsi
1029 1850 1174 1886 animus
1209 1862 1387 1898 asperna-

154 1905 278 1947 batur,
301 1903 464 1940 insolens
496 1902 677 1939 malarum
708 1903 866 1949 artium3
901 1907 1024 1939 tamen
1050 1903 1146 1940 inter
1169 1907 1272 1941 tanta
1299 1902 1388 1939 vitia

155 1956 345 1994 imbecilla
380 1961 484 2002 aetas,
519 1956 720 1993 ambitione
755 1961 942 2006 corrupta,
961 1957 1170 1993 tenebatur.
1221 1954 1279 1992 Ac
1315 1969 1387 2002 me,

158 2010 243 2048 cum
274 2010 320 2046 ab
353 2009 506 2059 reliquis
538 2009 643 2046 malis
674 2009 838 2046 moribus
873 2009 1119 2054 dissentirem,
1154 2008 1389 2046 nihilominus

157 2063 307 2101 honoris
337 2063 486 2112 cupido,
505 2064 636 2101 eadem
664 2076 748 2112 quae
776 2067 948 2108 caeteros,
974 2062 1083 2109 fama,
1113 2067 1224 2112 atque
1253 2061 1390 2098 invidia

157 2117 327 2155 vexabat.
380 2116 514 2166 Igitur,
559 2117 625 2153 ubi
661 2116 805 2153 animus
841 2130 887 2153 ex
930 2115 1054 2153 multis
1089 2115 1246 2152 miseriis
1277 2120 1388 2164 atque

158 2169 333 2221 periculis
360 2170 556 2219 requievit,
580 2175 616 2206 et
643 2170 732 2206 mihi
760 2169 939 2218 reliquam
971 2174 1118 2206 aetatem
1144 2167 1168 2205 ὲ,
1198 2167 1391 2218 republica

158 2223 290 2274 procul
312 2223 522 2259 habendam
547 2223 707 2266 decrevi,
731 2237 804 2260 non
828 2223 896 2259 suit
921 2222 1115 2259 consilium
1143 2219 1316 2259 socordia
1341 2228 1392 2258 at-

159 2291 232 2326 que
261 2276 403 2313 desidia
430 2276 568 2312 bonum
596 2276 711 2313 otium
736 2281 946 2313 conterere:
976 2289 1098 2325 neque
1132 2273 1222 2312 vero
1258 2287 1390 2324 agrum

160 2330 332 2375 colendo,
363 2334 428 2365 aut
458 2329 643 2373 venando,
679 2329 875 2366 servilibus
911 2329 1040 2366 officiis
1074 2329 1269 2372 intentum,
1299 2333 1390 2364 aeta-

161 2389 236 2422 tem
273 2396 405 2433 agere:
438 2382 517 2427 sed,
547 2381 570 2419 ἓι
607 2396 680 2432 quo
717 2383 879 2432 incoepto
917 2382 1114 2432 studioque
1152 2395 1211 2419 me
1240 2381 1391 2418 ambitio
