1492 2531
127 106 199 143 134
594 104 875 142 SALLUSTII

123 209 302 247 sustinet:
347 208 398 245 ita
429 209 560 254 classe,
594 209 670 259 qua
699 214 925 246 commeatus
952 209 1167 256 vehebatur,
1197 210 1351 254 minore,

123 263 234 314 quam
252 261 374 307 antea,
393 263 620 312 navigamus.
675 264 767 299 Haec
790 262 819 298 si
839 262 921 299 dolo
937 269 1001 300 aut
1028 263 1197 301 socordia
1226 265 1353 301 nostra

123 322 312 355 contracta
330 322 429 361 sunt,
447 317 572 366 agite3
599 321 636 353 et
656 314 709 352 uti
729 315 844 359 lubet,
865 315 916 353 ita
944 317 1165 366 supplicium
1195 317 1326 354 sumite
1343 333 1351 354 :

123 371 179 408 sin
209 370 412 408 communis
441 369 588 406 fortuna
615 369 780 419 asperior
805 375 873 412 est,
903 383 1014 418 quare
1050 369 1202 420 indigna
1232 371 1353 416 vobis,

123 425 321 474 nobisque,
351 427 389 459 et
423 421 632 472 republica,
679 420 874 472 incipitis?
943 422 1068 472 Atque
1114 438 1197 474 ego,
1250 425 1353 473 cujus

124 478 225 515 aetati
259 489 358 513 mors
390 476 540 526 propior
570 483 641 522 est,
675 489 749 512 non
779 475 971 524 deprecor,
1003 477 1034 512 si
1060 477 1148 526 quid
1175 476 1219 514 ea
1247 467 1353 514 vo‘bis

122 531 345 568 incommodi
376 531 554 567 demitur:
585 544 705 579 neque
732 542 819 566 mox
853 529 1015 577 ingenuo
1052 530 1196 579 corpori
1227 530 1356 567 hones—

122 584 209 629 tius,
230 583 343 635 quam
361 598 426 635 pro
446 583 572 621 vestra
590 583 723 626 salute,
747 582 857 618 finem
886 582 972 619 vitae
1002 583 1141 620 fecerit.
1195 583 1354 628 Adsum,

124 652 183 684 en,
201 638 270 675 Cn.
308 638 420 675 Cotta
447 636 598 674 consul:
640 636 735 673 facio
769 635 871 685 quod
900 635 1000 685 saepe
1028 638 1186 686 majores
1214 637 1356 686 asperis

122 691 229 729 bellis
257 691 400 729 fecere:
441 704 561 728 voveo
598 690 769 740 dedoque
798 703 857 726 me
889 703 956 739 pro
985 690 1202 739 republica:
1245 703 1357 740 quam

124 744 257 782 deinde
279 746 338 782 cui
356 744 538 782 mandetis
562 742 844 792 circumspicite.
909 743 1004 779 Nam
1033 743 1143 780 talem
1181 744 1357 780 honorem

121 800 244 836 bonus
263 813 372 836 nemo
391 798 502 839 volet,
522 798 606 834 cum
634 797 804 841 fortunae,
823 801 859 833 et
878 796 995 845 pacis,
1025 802 1061 833 et
1088 796 1179 834 belli
1204 798 1251 834 ab
1277 796 1358 833 aliis

123 853 209 898 acti,
237 853 329 890 ratio
348 851 550 894 reddenda,
582 856 645 887 aut
680 850 836 899 turpiter
871 849 1100 886 moriendum
1133 850 1190 887 sit.
1262 849 1359 886 Tan-

122 904 314 943 tummodo
349 906 387 942 in
422 905 552 941 animis
587 904 774 946 habetote,
819 917 893 939 non
928 917 986 939 me
1031 904 1077 940 ob
1125 903 1248 941 scelus
1295 909 1359 940 aut

121 959 312 996 avaritiam
350 972 500 1002 caesum‚
537 958 605 994 sed
638 956 824 993 volentem
855 970 922 1005 pro
956 957 1138 993 maxumis
1168 956 1359 994 beneficiis

122 1013 282 1049 animam
299 1013 396 1049 dono
415 1012 575 1049 dedisse.
634 1011 709 1046 Per
727 1024 793 1046 vos
811 1010 937 1059 igitur,
954 1009 1132 1055 Quirites,
1150 1016 1186 1047 et
1203 1010 1357 1060 gloriam

122 1067 317 1117 majorum,
335 1065 680 1109 tolerateadvorsa,
696 1069 732 1099 et
750 1062 927 1099 consulite
948 1063 1174 1112 reipublicae.
1240 1063 1361 1099 Multa

123 1133 210 1156 cura
230 1133 373 1156 summo
398 1119 552 1168 imperio
580 1117 699 1161 inest3
727 1116 834 1152 multi
864 1116 1034 1166 ingentes
1057 1115 1229 1162 labores3
1266 1130 1360 1166 quos

123 1174 374 1224 nequicquam
393 1172 568 1214 abnuitis,
596 1176 633 1207 et
663 1170 764 1218 pacis
794 1168 1022 1218 opulentiam
1051 1170 1243 1219 quaeritis:
1275 1169 1361 1206 cum

125 1240 252 1264 omnes
290 1226 501 1275 provinciae,
548 1237 676 1274 regna,
724 1223 851 1267 maria,
898 1228 1095 1272 terraeque,
1132 1236 1264 1272 aspera
1299 1229 1361 1259 aut

123 1281 224 1317 fessa
239 1280 350 1317 bellis
370 1280 453 1316 sint.

178 1387 355 1425 Germani
373 1387 551 1423 intectum
569 1383 771 1421 renonibus
791 1396 925 1432 corpus
943 1388 1087 1432 tegunt.
1141 1380 1319 1418 Isidorus.

175 1441 287 1478 Unde
307 1454 402 1490 pons
420 1440 456 1476 in
474 1438 651 1488 oppidum
669 1437 856 1486 pertinens
875 1435 1092 1484 explicatur.
1128 1433 1363 1472 Arusianus.

177 1495 226 1532 Et
245 1495 279 1531 ei
298 1507 387 1531 voce
403 1493 539 1542 magna
553 1492 793 1528 vehementur
808 1488 1098 1539 gratulabantur.
1155 1487 1290 1524 Donat.

178 1548 227 1585 Et
246 1548 390 1584 Marius
409 1547 529 1583 victus
549 1544 805 1594 duplicaverat
821 1542 972 1579 bellum.
1026 1540 1192 1578 Servius.

180 1601 306 1650 Atque
322 1614 388 1638 eos
407 1598 429 1636 a
445 1605 548 1648 tergo
567 1599 811 1634 incurrerunt.
863 1595 1106 1645 Rufinianus,

180 1655 226 1692 In
243 1655 341 1691 hunc
360 1654 511 1690 modum
530 1651 715 1688 disseruit.
766 1648 1004 1686 Priscianus.

181 1708 276 1745 Inde
312 1713 413 1744 ortus
449 1719 584 1751 sermo,
619 1704 945 1754 percunctantibus
992 1703 1197 1750 utrimque3
1248 1699 1365 1737 Satin'

130 1761 256 1808 salve:
302 1760 415 1811 quam
451 1759 546 1809 grati
583 1758 742 1795 ducibus
780 1757 877 1801 suis;
925 1756 1085 1806 quantis,
1122 1753 1364 1791 familiaribus

131 1816 249 1865 copiis
266 1820 490 1864 augerentur
505 1813 523 1849 ἶ)
576 1811 761 1848 Donatus.

184 1870 326 1917 Fugam
342 1867 477 1904 nostris
497 1865 630 1903 fecere.
685 1864 840 1901 Seneca.

184 1922 282 1966 Quae
328 1921 453 1957 audita
514 1918 793 1956 Panormitanos
840 1916 974 1954 dedere
1006 1914 1185 1952 Romanis
1233 1913 1366 1950 secere.

133 1976 287 2012 Seneca.

186 2028 273 2073 Quo
293 2028 462 2078 cupidius
480 2027 518 2064 in
537 2039 600 2063 ore
620 2023 724 2062 ducis
753 2037 835 2061 sese
869 2024 1026 2072 quisque
1042 2023 1194 2066 bonum,
1214 2026 1251 2057 et
1276 2026 1368 2056 stre-

134 2097 248 2120 nuum
267 2087 507 2126 ostentantes,
559 2079 737 2115 Isidorus.
791 2076 958 2123 Servius,
986 2090 1021 2113 x.

186 2136 320 2174 Ventis
360 2149 426 2184 per
461 2147 554 2170 cava
587 2138 695 2169 terrae
730 2130 865 2174 citatis,
905 2130 1005 2179 rupti
1039 2128 1179 2177 aliquot
1210 2132 1368 2171 montes,

134 2189 340 2239 tumulique
361 2188 502 2225 sedere.
557 2185 738 2222 Isidorus.
793 2183 960 2226 Servius.

183 2243 258 2280 Ubi
269 2242 387 2281 multa
415 2239 576 2279 nefande
603 2252 691 2277 casu
720 2251 831 2288 super
857 2237 951 2282 ausi,
967 2241 1076 2285 atque
1092 2234 1203 2283 passi.
1260 2231 1369 2269 Pris-

136 2310 278 2335 elanus.
