1492 2531
117 68 192 122 102
554 45 559 49 ⁸
591 68 708 106 SAL]
715 69 873 107 .Us'r11

114 172 255 209 Bocchi
292 172 457 210 consilia.
529 172 717 210 Praeterezi
753 173 893 218 Dabar,
932 172 1194 225 Massugradae
1238 175 1348 222 filius,

113 238 160 262 ex
195 231 305 276 gente
342 225 568 270 Masinissae,
605 227 780 264 caeterum
828 233 993 265 materno
1033 242 1169 278 genere
1216 227 1348 279 impar,

115 279 220 327 (nam
256 285 362 330 pater
398 281 478 330 ejus
515 293 561 316 ex
596 279 805 317 concubine&
823 286 925 318 ortus
945 283 1055 329 erat‚)
1076 283 1212 319 Mauro
1231 284 1279 319 ob
1298 283 1350 320 in-

111 333 211 382 genii
245 332 363 369 multa
394 334 494 369 bona
526 346 633 370 carus
684 340 959 384 acceptusque3
1001 348 1111 385 quem
1162 336 1349 383 Bocchus,

111 386 226 422 fidum
244 399 325 423 esse
362 386 541 422 Romanis
559 386 685 423 multis
717 386 825 424 antea
857 389 1140 436 tempestatibus
1160 395 1348 435 expertus,

109 438 211 476 illico
248 440 297 475 ad
332 438 472 475 Sullam
509 440 725 477 nunciatum
761 441 883 484 mittit,
921 446 1092 490 paratum
1113 456 1195 479 sese
1213 443 1348 488 facere,

110 506 195 542 quae
232 492 392 543 populus
428 492 621 529 Romanus
653 494 789 531 vellet:
840 493 1027 543 colloquio
1064 496 1174 539 diem,
1209 495 1348 542 locum,

111 552 274 596 tempus,
309 547 391 595 ipse
425 546 624 596 deligeret:
656 547 825 584 consulta
854 561 934 584 sese
956 548 1078 583 omnia
1112 561 1195 585 cum
1214 549 1279 586 illo
1295 550 1350 587 in-

111 605 216 649 tegra
251 599 411 637 habere:
439 613 513 636 neu
549 600 743 649 Jugurthae
761 601 924 649 legatum
943 602 1245 650 pertimesceret3
1273 601 1349 653 quo

111 667 168 689 res
190 653 396 690 communis
434 653 604 689 licentius
637 659 847 703 gereretur:
894 668 979 691 nam
1009 656 1056 691 ab
1086 655 1228 691 insidiis
1265 655 1349 704 eJus

110 706 215 743 aliter
250 708 373 744 caveri
408 707 630 756 nequivisse.
701 708 774 744 Sed
813 721 882 757 ego
903 708 1124 758 comperior,
1157 709 1349 746 Bocchum

110 759 233 810 magis
271 759 417 797 Punic&
444 760 530 805 fide,
563 759 677 810 quz‘un
710 762 758 798 ob
796 774 840 797 ea
876 775 958 812 quae
979 762 1217 810 praedicabat,
1238 763 1349 800 simul

111 814 304 850 Romanos
342 820 378 851 et
402 813 607 850 Numidam
641 828 706 864 spe
738 815 841 864 pacis
874 815 1090 861 attinuisse3
1118 815 1348 867 multumque

112 881 197 903 cum
230 868 351 904 animo
380 881 449 903 suo
478 867 627 905 volvere
656 868 820 912 solitum,
840 868 1062 918 Jugurtham
1081 868 1273 913 Romanis,
1302 883 1349 906 an

110 920 163 958 illi
183 920 336 966 Sullam,
356 921 517 958 traderet
534 937 542 958 ε
573 921 776 958 lubidinem
795 922 995 959 advorsum
1013 936 1095 966 nos,
1123 930 1262 959 metum
1281 937 1349 973 pro

110 974 234 1021 nobis,
270 974 443 1011 suasisse.
498 974 617 1024 Igitur
648 975 754 1011 Sulla
788 976 988 1023 respondit,
1009 988 1129 1024 pauca
1147 989 1187 1012 se
1225 989 1349 1013 coram

111 1028 260 1078 Aspare
279 1028 517 1064 locuturum:
548 1033 683 1065 caetera
711 1028 870 1072 occulte,
907 1035 971 1065 aut
1004 1029 1120 1072 nullo,
1153 1034 1216 1066 aut
1235 1029 1347 1079 quam

111 1082 361 1130 paucissumis
398 1081 670 1130 praeseutibus:
701 1081 811 1118 simul
846 1082 977 1119 edocet
996 1096 1080 1131 quae
1111 1083 1184 1120 sibi
1200 1097 1350 1132 respon-

113 1136 298 1172 derentur.
363 1133 585 1185 Postquam,
622 1136 731 1172 sicuti
759 1135 965 1181 voluerant,
986 1136 1200 1185 congressi:
1248 1137 1350 1181 dicit,

114 1203 153 1225 se
190 1189 344 1224 missum
376 1187 398 1224 ἐι
428 1188 581 1225 consule
600 1189 746 1226 venisse
775 1189 973 1238 quaesitum
993 1190 1040 1226 ab
1072 1202 1128 1233 eo,
1148 1203 1277 1238 pacem
1302 1204 1349 1227 an

110 1242 253 1279 bellum
286 1243 490 1292 agitaturus
522 1242 627 1279 foret.
700 1242 794 1278 Tum
828 1255 905 1284 rex,
924 1241 978 1278 uti
1015 1249 1245 1293 praeceptum
1273 1244 1350 1281 fue-

113 1301 183 1341 rat,
204 1301 291 1345 post
324 1296 421 1332 diem
438 1295 622 1332 decimum
641 1296 759 1332 redire
773 1296 903 1346 jubet3
933 1310 976 1332 ac
1012 1296 1105 1332 nihil
1123 1297 1233 1333 etiam
1252 1311 1350 1334 nunc

113 1349 339 1392 decrevisse,
359 1349 427 1386 sed
460 1348 524 1385 illo
558 1349 615 1385 die
635 1362 910 1398 responsurum.
965 1349 1064 1386 Dein
1084 1351 1194 1386 ambo
1212 1350 1249 1386 in
1269 1364 1350 1386 cas-

113 1408 171 1440 tra
208 1415 277 1439 sua
296 1402 466 1452 digressi.
535 1401 624 1445 Sed,
659 1403 722 1439 ubi
755 1403 972 1453 plerumque
1004 1404 1122 1439 noctis
1154 1403 1350 1454 processit,

113 1455 217 1493 Sulla
244 1454 266 1491 εὶ
302 1455 455 1493 Boccho
492 1455 638 1492 occulte
666 1457 889 1501 accersitum
928 1457 974 1493 ab
1005 1462 1161 1505 utroque
1195 1462 1349 1493 tantum-

112 1508 227 1547 modo
258 1508 319 1545 fidi
340 1509 542 1558 interpetes
572 1509 802 1547 adhibentur.
875 1509 1057 1547 Praetereal
1085 1510 1213 1547 Dabar
1241 1510 1352 1547 inter-

112 1563 283 1606 nuncius,
312 1568 463 1599 sanctus
496 1563 563 1606 vir,
598 1577 644 1600 ex
679 1562 863 1600 sententie„
895 1564 1078 1600 ambobus
1107 1565 1219 1614 jurat.
1292 1564 1349 1601 Ae

113 1615 240 1654 statim
276 1616 329 1652 sic
362 1630 427 1653 rex
445 1616 594 1664 insipit:

167 1667 382 1720 Namqucim
414 1682 483 1720 ego
512 1674 619 1706 ratus
655 1683 737 1706 sum
761 1668 866 1719 fore,
899 1668 968 1715 ute‘,
1006 1683 1069 1706 rex
1093 1684 1292 1708 maxumus
1310 1669 1351 1706 in

112 1722 181 1760 Ιιᾶο
216 1721 335 1767 terrei,
370 1728 405 1760 et
439 1723 616 1768 omnium,
653 1737 742 1773 quos
775 1724 873 1765 novi,
907 1723 1233 1772 opulentissumus,
1262 1723 1347 1774 pri-

114 1782 202 1814 vato
231 1776 374 1813 homini
396 1777 572 1827 gratiam
600 1775 779 1814 deberem.
834 1778 888 1814 Et
918 1775 1079 1822 hercule),
1113 1777 1230 1823 Sulla,
1262 1781 1349 1814 cente

113 1836 146 1867 te
175 1830 382 1881 cognitum,
416 1829 546 1869 multis
581 1830 789 1874 orantibus,
820 1830 911 1868 aliis
938 1828 1038 1867 ultro
1069 1836 1214 1880 egomet
1245 1844 1348 1880 opem

115 1884 199 1927 tuli,
232 1883 372 1920 nullius
402 1883 569 1933 indigni,
630 1883 674 1920 ld
699 1883 966 1927 immimctum3
994 1884 1088 1934 quod
1124 1884 1251 1921 coeteri
1282 1883 1348 1920 clo-

114 1937 188 1974 lere
222 1937 353 1982 solent,
392 1950 461 1987 ego
498 1936 616 1974 laetor.
670 1937 806 1974 Fuerit
849 1935 946 1974 mila·
989 1937 1166 1987 pretium,
1203 1937 1349 1988 eguisse

113 1989 319 2041 aliquando
352 1995 425 2027 tuce
445 1990 653 2033 cznzz'citiae5
682 1989 757 2041 qud
785 1991 887 2041 apud
906 1990 1073 2027 animum
1099 2004 1220 2028 meum
1249 1990 1351 2027 nillil

114 2043 243 2082 carius
262 2042 392 2081 habeo.
447 2043 498 2080 Id
517 2042 605 2080 adeo
636 2043 798 2094 experiri
827 2044 925 2081 licet.
981 2043 1119 2087 Arma,
1138 2043 1252 2088 viros,
1277 2058 1346 2094 pe-

114 2097 275 2140 cuniamg
290 2096 482 2146 postremo
506 2097 686 2148 quidquid
719 2097 845 2134 animo
866 2098 976 2141 lubet,
1008 2111 1121 2142 sume,
1140 2102 1243 2134 utere
1257 2111 1271 2140 ,·
1298 2102 1347 2142 et,

115 2150 237 2202 quoad
276 2149 390 2194 vives,
416 2164 605 2201 nunquam
637 2149 704 2187 tibi
731 2152 920 2188 redditam
940 2152 1114 2201 gratiam
1128 2151 1322 2201 putaveris·
1335 2166 1348 2187 .·

116 2217 260 2253 semper
287 2203 388 2253 apud
417 2217 474 2240 me
491 2206 645 2254 integra
681 2203 777 2240 erit:
815 2204 962 2255 (lenique
988 2203 1097 2248 nihil,
1122 2217 1179 2240 ‘me
1199 2205 1347 2249 sciente,

107 2256 262 2307 frustrEt
307 2256 420 2294 voles.
474 2257 595 2303 Nam,
641 2261 685 2293 ut
716 2270 781 2308 ego
818 2257 1011 2301 existumo,
1054 2271 1182 2308 regem
1218 2258 1349 2302 armis,

119 2309 234 2362 quc'cm
260 2309 527 2361 mum'ficentz'cl,
555 2310 670 2355 vinci,
704 2309 829 2348 minias
859 2310 1107 2362 flatigiosum.
1164 2309 1349 2348 Gaeter1¹mz
