1492 2531
350 79 726 119 HISTORIARUM
755 78 1103 117 FRAGMENTA.
1263 78 1336 117 107

112 243 189 291 M.
208 239 396 290 AEmilii
411 238 586 300 Lepidi
615 238 798 352 Cb'osllad
812 239 872 286 P.
899 239 960 286 R.
983 238 1144 285 Oratio
1164 243 1328 286 contra

666 323 697 352 u
734 322 827 352 am.

165 429 370 468 Clementia
405 434 442 467 et
476 429 642 489 probitas
679 432 813 473 vestra,
835 426 1013 473 Quirites,
1033 428 1166 477 quibus
1186 441 1253 477 per
1271 441 1339 464 cae-

112 488 208 520 teras
242 482 364 534 gentis
396 483 558 519 maxumi
591 491 628 520 et
646 481 735 518 clari
754 481 855 525 estis,
876 480 1075 530 plurimum
1094 482 1234 518 timoris
1252 482 1339 518 mihi

111 535 251 575 faciunt
284 536 463 574 advorsus
495 536 727 585 tyrannidem
760 534 804 572 L.
831 533 967 571 Sullae:
998 534 1045 571 ne
1081 541 1145 572 aut
1175 534 1258 583 ipsi,
1276 549 1341 572 ne·-

110 589 224 627 fanda
252 605 336 641 quae
375 589 590 634 aestumatis,
623 603 667 626 ea
702 602 832 638 parum
868 588 1052 625 credendo
1082 589 1125 624 de
1161 588 1255 634 aliis,
1275 589 1341 625 cir·

115 644 418 681 eumveniamini:
449 642 654 691 praesertim
693 655 776 678 cum
810 641 865 677 illi
884 655 967 689 spes
998 640 1115 678 omnis
1134 641 1170 678 in
1201 641 1341 679 scelere

114 704 225 758 atque
255 697 410 746 perfidia
443 697 510 743 sit3
539 710 661 745 neque
695 709 733 732 se
771 694 876 731 aliter
894 700 1011 731 tutum
1033 700 1148 744 putet,
1177 708 1285 754 quam
1309 695 1341 732 si

114 753 220 801 pejor
250 757 362 800 atque
380 749 627 786 intestabilior
645 756 746 786 metu
778 754 900 785 vestro
935 749 1059 792 fuerit,
1093 746 1167 797 quo
1188 748 1342 798 captivis

113 804 294 841 libertatis
331 816 457 840 curam
487 803 634 839 miseria
668 803 824 838 eximat·
872 807 935 838 aut
966 802 996 837 si
1026 801 1271 850 provideritis,
1304 802 1343 838 in

115 858 278 894 tutandis
309 856 482 906 periculis
497 855 631 906 magiS,
668 869 779 904 quam
813 855 849 891 in
880 854 1103 896 ulciscendo,
1138 855 1344 892 teneamini.

115 911 302 948 Satellites
338 911 487 959 quidem
506 911 599 958 ejus,
619 909 785 946 homines
803 909 964 944 maxumi
984 908 1154 954 nominis,
1172 922 1247 944 non
1278 908 1345 945 mi-

117 964 187 1001 nus
223 964 384 1014 optumis
403 964 582 1014 majorum
613 962 808 1011 exemplis,
826 975 971 1011 nequeo
1005 960 1097 998 satis
1129 962 1265 1007 mirari,
1284 961 1346 998 do-

117 1018 326 1054 minationis
361 1018 399 1053 in
433 1031 514 1062 vos,
550 1017 739 1053 servitium
776 1029 884 1051 suum
915 1015 1123 1052 mercedem
1155 1015 1265 1060 dant3
1310 1021 1348 1052 et

119 1078 315 1120 utrumque
351 1085 418 1120 per
445 1070 612 1120 injuriam
632 1069 785 1114 malunt,
804 1067 917 1118 quam
947 1075 1097 1117 optumo
1128 1069 1211 1119 jure
1229 1067 1349 1105 libere

119 1138 253 1172 agere:
285 1124 461 1174 praeclara
490 1123 689 1159 Brutorum
726 1130 835 1170 atque
869 1121 1106 1159 AEmiliorum
1136 1127 1173 1158 et
1207 1121 1350 1159 Lutati·

121 1191 224 1214 orum
256 1178 394 1227 proles,
414 1176 529 1227 geniti
564 1177 611 1212 ad
642 1189 698 1220 ea,
719 1189 803 1225 quae
824 1176 981 1225 majores
1017 1175 1150 1211 virtute
1165 1174 1345 1223 peperere

121 1232 384 1268 subvertunda.
439 1230 539 1266 Nam
574 1229 662 1278 quid
696 1228 718 1264 ἐι
751 1228 908 1277 Pyrrho,
946 1227 1172 1273 Hannibale,
1207 1227 1350 1277 Philip-

121 1298 243 1334 poque
280 1290 317 1320 et
351 1283 537 1320 Antiocho
563 1283 756 1319 defensum
775 1288 832 1318 est
850 1281 964 1327 aliud,
982 1280 1094 1330 quam
1125 1281 1292 1325 libertas,
1311 1286 1349 1319 et

122 1338 351 1386 suae-cuique
371 1337 479 1374 sedes
497 1351 507 1382 ;
536 1350 608 1373 neu
628 1335 701 1381 eui,
719 1335 790 1371 nisi
807 1334 969 1385 legibus,
986 1335 1229 1384 pareremus?
1264 1349 1349 1384 quae

126 1399 259 1428 cuncta
295 1404 415 1428 saevus
431 1392 497 1426 iste
532 1388 726 1433 Romulus,
746 1389 852 1438 quasi
887 1389 933 1425 ab
969 1389 1129 1425 externis
1163 1394 1279 1437 rapta,
1295 1394 1351 1425 te-

122 1451 197 1488 net,
233 1458 308 1480 non
343 1450 397 1480 tot
433 1443 662 1480 exercituum
682 1441 798 1488 clade,
816 1455 938 1491 neque
959 1441 1120 1478 consulis
1140 1449 1176 1477 et
1194 1441 1349 1478 aliorum

124 1498 346 1547 principum,
381 1511 474 1546 quos
494 1498 639 1533 fortuna
654 1495 743 1532 belli
763 1501 1053 1543 consumpserat,
1074 1495 1226 1531 satiatus
1243 1508 1252 1538 ;
1282 1494 1348 1531 sed

124 1558 202 1588 tum
221 1551 415 1593 crudelior,
451 1547 535 1586 cum
565 1549 762 1599 plerosque
779 1549 953 1585 secundae
988 1562 1046 1584 res
1080 1549 1118 1584 in
1151 1548 1354 1585 miseratio-

124 1618 209 1642 nem
243 1618 289 1641 ex
306 1605 361 1640 ira
377 1609 536 1641 vertunt.
600 1602 700 1646 Quin
720 1602 820 1639 solus
841 1602 1015 1645 omnium,
1036 1607 1120 1651 post
1138 1602 1350 1638 memoriam

126 1658 327 1703 hominum,
346 1657 529 1706 supplicia
546 1657 581 1692 in
603 1654 690 1705 post
722 1656 863 1692 futuros
884 1655 1115 1703 composuit:
1146 1653 1229 1704 quis
1248 1655 1351 1704 prius

126 1712 270 1760 injuria,
288 1710 400 1760 quam
436 1711 510 1747 vita
543 1717 642 1746 ceria
677 1715 801 1746 esset:
832 1707 1138 1757 pravissumeque
1154 1721 1221 1757 per
1239 1708 1354 1746 scele-

128 1765 177 1802 ris
196 1764 460 1801 immanitatem
492 1763 611 1799 adhuc.
649 1768 750 1798 tutus
784 1762 889 1798 furit:
921 1762 1007 1797 dum
1040 1775 1119 1807 vos,
1136 1767 1234 1797 metu
1272 1775 1354 1810 gra-

127 1818 238 1856 vioris
275 1817 427 1862 servitii,
446 1816 468 1852 ἐι
486 1816 692 1865 repetunda
711 1815 879 1851 libertate
900 1815 1097 1851 terremini.
1152 1814 1351 1864 Agendum

128 1878 240 1922 atque
261 1870 410 1908 obviam
429 1870 587 1906 eundem
605 1875 675 1913 est,
713 1868 901 1913 Quirites;
929 1867 976 1904 ne
1010 1868 1126 1916 spolia
1149 1874 1272 1905 vestra
1289 1882 1354 1917 pe-

130 1925 196 1962 nes
232 1925 336 1962 illum
371 1924 468 1960 sint:
514 1937 589 1960 non
624 1921 895 1982 prolatandum,
913 1935 1032 1971 neque
1058 1922 1153 1958 votis
1190 1922 1354 1970 paranda

130 1978 286 2016 auxilia:
313 1977 383 2014 nisi
401 1975 492 2013 forte
511 1976 681 2025 speratis,
701 1989 767 2024 per
801 1975 950 2011 taedium
981 1976 1058 2025 jam
1089 1980 1151 2011 aut
1175 1975 1352 2023 pudorem

130 2031 346 2082 tyrannidiS,
384 2044 466 2067 esse
501 2043 585 2066 eum
622 2043 685 2091 per
719 2028 842 2065 scelus
880 2034 1062 2076 occupata
1110 2028 1353 2088 periculosius

133 2086 376 2122 dimissurum.
431 2082 482 2119 At
500 2083 562 2120 ille
598 2081 644 2119 eo
672 2082 864 2130 processit,
884 2081 938 2118 uti
958 2081 1047 2117 nihil
1067 2081 1267 2131 gloriosum
1287 2082 1355 2118 nisi

133 2146 265 2184 tutum,
301 2145 336 2174 et
372 2137 494 2173 omnia
527 2137 728 2173 retinendae
779 2135 1036 2171 dominationis
1075 2136 1228 2171 honesta
1262 2135 1358 2171 exis-

134 2198 264 2229 tumet.
320 2191 451 2240 Itaque
488 2189 550 2226 illa
585 2189 689 2238 quies
726 2195 762 2225 et
798 2191 912 2225 otium
948 2202 1032 2224 cum
1066 2187 1247 2231 libertate,
1271 2202 1354 2236 quae

135 2245 239 2282 mulli
270 2244 376 2292 probi
410 2241 549 2293 potius,
585 2241 698 2292 quam
733 2242 899 2278 laborem
935 2255 1018 2277 cum
1051 2241 1265 2285 honoribus,
1294 2255 1357 2277 ca-

137 2299 352 2349 pessebant,
393 2296 495 2334 nulla
536 2302 634 2334 suut.
717 2295 802 2332 Hac
848 2299 1063 2345 tempestate
1110 2294 1358 2339 serviundum,
