1492 2531
377 25 593 65 BELLUM
624 26 646 63 J
649 26 929 65 UGURTHIN
935 28 1016 66 UM
1021 59 1029 67 .
1312 36 1364 73 57

107 132 203 169 mius
234 132 374 182 populo
407 132 578 168 Romano
604 132 816 180 persuadet,
847 130 900 168 uti
921 132 964 169 L.
991 134 1157 180 Cassius,
1177 136 1241 185 qui
1266 143 1344 175 tum

108 192 246 235 praetor
278 191 368 231 erat,
401 186 448 221 ad
480 184 702 234 Jugurtham
747 185 972 222 mitteretur:
1021 201 1193 236 eumque,
1229 190 1343 228 inter-

107 239 229 290 posita
247 240 318 276 fide
350 238 515 286 publica,
545 238 703 274 Romam
739 239 903 284 duceret,
926 238 1002 288 quo
1032 241 1178 277 facilius
1204 243 1340 282 indicio

108 294 222 344 regis,
258 292 389 329 Scauri
424 298 460 328 et
491 291 732 341 reliquorum,
763 306 856 341 quos
876 293 1044 340 pecuniae
1074 301 1192 344 captae
1219 309 1342 335 arces-

107 349 253 392 sebant,
281 345 414 382 delicta
448 345 677 394 patefierent.
731 345 832 381 Dum
862 345 944 382 haec
977 347 1109 383 Romae
1136 355 1339 398 geruntur3

106 400 170 449 qui
199 400 237 435 in
269 398 451 435 Numidia
478 398 595 435 relicti
623 399 670 434 ab
703 398 832 435 Bestia
855 400 1030 437 exercitui
1058 409 1256 449 praeerant,
1284 418 1341 441 se-

106 454 180 489 cuti
216 466 357 489 morem
403 452 634 501 imperatoris
666 451 737 497 sui,
772 451 931 501 plurima
964 458 1000 489 et
1035 454 1337 504 flagitiosissuma

104 507 268 543 facinora
302 505 436 542 fecere.
490 504 623 548 Fuere,
663 505 739 554 qui,
785 519 874 541 auro
906 508 1083 555 corrupti,
1118 509 1335 558 elephantos

103 559 300 609 Jugurthae
333 559 539 603 traderent3
583 558 645 595 alii
692 558 866 609 perfugas
899 560 1125 606 venderent3
1168 576 1252 610 pars
1289 577 1336 600 ex

103 614 246 661 pacatis
275 613 421 662 praedas
457 613 629 661 agebant,
683 612 804 648 Tanta
835 612 889 649 vis
922 614 1085 650 avaritiae
1121 615 1157 651 in
1194 617 1336 654 animos

103 680 243 712 eorum,
290 665 404 702 veluti
445 667 562 710 tabes,
616 666 810 702 invaserat.
882 665 934 702 At
981 666 1132 704 Cassius
1184 675 1334 717 praetor,

102 719 244 768 perlata
264 719 454 769 rogatione
483 717 505 754 a
535 719 576 755 C.
606 719 799 765 Memmio,
831 732 873 755 ac
902 720 1075 768 perculsa
1104 722 1203 758 omni
1231 724 1337 760 nobi-

100 772 215 818 litate,
247 773 295 809 ad
327 772 547 822 Jugurtham
591 772 860 821 proficiscitur,
901 773 1007 822 eique
1037 774 1178 819 timido,
1217 781 1252 812 et
1288 791 1336 814 ex

102 825 329 863 conscientia
348 825 524 862 d1ffidenti
542 826 656 862 rebus
681 826 770 870 suis,
791 827 1003 874 persuadet,
1032 826 1106 876 quo
1136 843 1175 865 se
1196 830 1336 879 populo

101 879 272 916 Romano
309 880 525 924 dedidisset,
557 878 605 916 ne
651 879 736 923 vim,
774 878 887 928 quam
919 880 1209 918 misericordiam
1240 884 1321 934 ejus

101 933 258 981 experiri
294 932 409 969 malit.
463 931 643 968 Privatim
678 931 862 982 praeterea
893 933 1002 969 fidem
1039 948 1141 971 suam
1171 936 1337 986 interpo-

100 987 166 1030 nit,
203 1000 315 1035 quam
362 986 423 1022 ille
469 999 543 1022 non
578 986 742 1031 minoris,
789 985 899 1034 quam
928 986 1128 1034 publicam,
1160 989 1331 1028 ducebat.

100 1038 204 1076 Talis
234 1039 279 1076 ea
315 1044 534 1088 tempestate
560 1040 659 1075 fama
685 1040 730 1075 de
751 1040 880 1076 Cassio
907 1046 995 1076 erat.
1055 1041 1175 1090 Igitur
1199 1042 1321 1092 Jugur

99 1092 175 1137 tha,
212 1099 340 1128 contra
375 1093 488 1128 decus
524 1092 678 1141 regium,
706 1092 806 1128 cultu
845 1091 957 1142 quam
985 1094 1157 1131 maxume
1185 1097 1338 1134 misera-

99 1145 177 1188 bili,
197 1146 357 1182 Romam
391 1146 502 1182 venit.
556 1145 622 1187 At,
658 1145 805 1182 tametsi
832 1146 868 1181 in
900 1146 983 1194 ipso
1008 1160 1145 1197 magua
1174 1149 1229 1185 vis
1258 1150 1337 1186 ani„

99 1200 148 1234 mi
179 1205 269 1243 erat,
305 1200 540 1235 confirmatus
582 1200 629 1236 ab
666 1199 851 1243 omnibus,
888 1213 1045 1248 quorum
1075 1201 1241 1250 potentia
1271 1210 1335 1241 aut

99 1251 238 1288 scelere
261 1259 394 1289 cuncta
425 1266 470 1288 ea
498 1256 679 1301 gesserat,
708 1266 792 1302 quae
825 1252 939 1301 supra
966 1255 1264 1302 memoravimus,
1292 1258 1333 1294 C.

98 1305 271 1342 Baebium
311 1306 498 1342 tribunum
544 1305 663 1354 plebis
699 1306 836 1355 magna
870 1307 1040 1343 mercede
1072 1314 1189 1356 parat,
1227 1310 1333 1360 cujus

97 1358 327 1407 impudentia
361 1365 490 1396 contra
517 1359 580 1409 jus
617 1364 653 1395 et
689 1359 839 1409 injurias
877 1358 996 1396 omnis
1034 1362 1196 1399 munitus
1224 1363 1332 1401 foret.

99 1412 170 1448 Ac*
192 1413 234 1449 C.
270 1413 482 1458 Memmius,
508 1412 691 1449 advocata
727 1413 929 1457 concione;
970 1415 1197 1464 quamquam
1250 1418 1330 1466 regi

97 1465 231 1502 infesta
250 1466 379 1516 plebes
399 1471 498 1512 erat3
528 1470 564 1502 et
582 1478 666 1514 pars
685 1466 723 1502 in
742 1465 891 1502 vincula
909 1467 995 1502 duci
1013 1467 1198 1515 jubebat;
1227 1484 1329 1519 pars,

98 1517 137 1553 ni
167 1520 288 1558 socios
321 1519 472 1557 sceleris
507 1519 678 1567 aperiret,
711 1532 810 1556 more
837 1520 1016 1570 majorum
1047 1522 1091 1557 de
1116 1522 1222 1559 hoste
1243 1538 1335 1573 sup-

98 1571 249 1621 plicium
280 1575 398 1617 sumi;
427 1572 599 1622 dignitati
629 1571 762 1622 magis,
792 1572 905 1621 quam
938 1573 1003 1609 irae
1035 1575 1245 1621 consulens,
1275 1591 1331 1614 se-

98 1626 186 1662 dare
217 1634 350 1673 motus,
384 1632 419 1663 et
447 1626 587 1663 animos
625 1639 751 1662 eorum
784 1626 946 1663 mollire:
976 1626 1165 1676 postremo
1197 1630 1332 1666 confir-

98 1693 213 1724 mare,
250 1682 355 1717 fidem
385 1680 573 1729 publicam
609 1693 676 1727 per
709 1693 790 1716 sese
826 1679 1039 1717 inviolatam
1076 1682 1165 1718 fore.
1221 1681 1328 1730 Post,

98 1733 161 1770 ubi
198 1733 383 1771 silentium
426 1734 550 1783 coepit,
596 1733 776 1781 producto
819 1732 1015 1782 J11gurth÷3‚
1067 1736 1180 1772 verba
1217 1736 1328 1774 facit:

99 1786 231 1823 Romae
267 1788 531 1837 Numidiaeque
567 1786 732 1823 facinora
769 1787 846 1836 ejus
880 1794 1084 1834 memorat3
1114 1789 1254 1826 scelera
1289 1790 1328 1826 in

97 1849 240 1889 patrem
276 1841 481 1891 fratresque
517 1839 698 1877 ostendit:
743 1840 880 1888 quibus
909 1841 1141 1890 juvantibus,
1177 1843 1332 1892 quibus-

98 1908 170 1944 que
207 1895 381 1932 ministris
401 1909 443 1931 ea
461 1894 591 1943 egerit,
611 1892 837 1942 quamquain
858 1893 1042 1944 intelligat
1067 1895 1228 1944 populus
1254 1897 1331 1934 Ro-

96 1961 240 1994 manuS,
268 1955 391 1985 tamen
422 1947 517 1984 velle
554 1947 750 1983 manifesta
784 1945 904 1995 magis
933 1960 978 1983 ex
1012 1947 1076 1985 illo
1109 1949 1267 1987 habere:
1299 1952 1330 1987 si

97 2015 226 2038 verum
261 2003 415 2052 aperiat,
444 2002 482 2037 in
510 2001 582 2037 fide
602 2006 638 2036 et
665 1999 859 2036 clementia
887 2000 1015 2049 populi
1041 2002 1198 2039 Romani
1226 2017 1332 2054 mag-

98 2068 181 2091 nam
201 2069 304 2104 spem
339 2055 391 2092 illi
425 2055 552 2091 sitam:
585 2054 640 2090 sin
665 2053 831 2099 reticeat,
863 2067 937 2089 non
967 2055 1076 2092 sociis
1103 2056 1212 2092 saluti
1236 2057 1328 2103 fore,

98 2109 166 2145 sed
195 2123 234 2145 se
264 2123 425 2158 suasque
457 2122 541 2156 spes
565 2111 835 2154 corrupturum.
891 2107 1003 2153 Dein,
1035 2110 1098 2146 ubi
1128 2109 1329 2146 Memmius

98 2162 245 2198 dicendi
278 2164 387 2200 finem
424 2162 524 2203 fecit,
561 2166 598 2197 et
633 2159 818 2209 Jugnrtha
850 2162 1074 2209 respondere
1103 2164 1232 2212 jussus
1259 2170 1329 2209 est,

98 2217 140 2253 C.
161 2214 312 2257 Baebius
345 2217 513 2253 tribunus
546 2213 682 2264 plebis,
712 2227 824 2262 quem
849 2215 1011 2262 pecunia
1029 2222 1244 2265 corruptum
1271 2231 1331 2254 su-

655 2266 734 2302 1›2
