1492 2531
364 125 437 164 DE
475 124 775 163 REPUBLICA
806 122 1143 161 ORDINANDA.
1302 122 1374 158 149

140 230 207 265 xiri
227 229 516 279 magnitudinem
534 228 749 272 invenisset,
770 241 854 277 quae
886 241 944 263 res
976 226 1136 276 populos
1162 225 1376 262 nationesve

141 283 283 332 magnis
302 282 515 319 auctoribus
534 282 738 324 auxissent,
757 295 800 317 ac
821 280 956 317 deinde
981 280 1115 329 quibus
1148 279 1271 315 causis
1297 293 1375 315 am-

141 336 319 385 plissuma
339 349 454 385 regna
472 341 508 372 et
526 335 680 384 imperia
695 335 942 377 corruissent;
971 334 1099 370 eadem
1119 346 1265 381 semper
1280 333 1379 368 bona

140 395 250 438 atque
285 388 384 425 mala
420 390 661 438 reperiebam,
695 401 896 436 omnesque
925 387 1081 423 victores
1103 386 1256 434 'divitias
1287 399 1377 421 cou-

140 442 307 478 temsisse
328 447 364 478 et
389 443 506 479 victos
537 441 736 491 cupivisse.
789 440 924 490 Neque
951 439 1057 476 aliter
1086 440 1282 488 quisquam
1311 452 1379 474 ex-

139 495 268 531 tollere
285 509 364 531 sese
384 501 420 532 et
439 495 564 532 divina
591 493 756 531 mortalis
787 494 968 542 attingere
993 498 1130 541 potest,
1158 492 1240 533 nisi,
1273 492 1380 528 omis-

140 548 190 584 sis
227 549 395 598 pecuniae
429 554 466 585 et
502 548 665 596 corporis
703 547 862 597 gaudiis,
897 547 1019 583 animo
1055 546 1269 595 indulgens,
1306 559 1381 581 non

141 602 375 646 assentando,
412 615 530 652 neque
567 601 764 649 concupita
800 601 1017 650 praebendo‚
1053 613 1262 648 perversam
1301 612 1384 648 gra-

140 655 227 690 tiam
262 655 495 704 gratificans;
523 655 589 690 sed
620 654 657 690 in
687 654 828 698 labore,
858 653 1050 703 patientia,
1075 653 1257 702 bonisque
1293 665 1385 701 prae--

140 708 273 757 ceptis,
311 714 347 744 et
384 708 490 745 factis
538 707 704 753 fortibus,
750 707 996 744 exercitando.
1071 706 1185 751 Nam,
1231 706 1382 742 domum

139 768 204 798 aut
233 760 355 797 villam
384 767 565 806 extruere,
593 774 748 810 eamque
777 761 905 810 signis,
938 759 1080 803 aulaeis,
1108 759 1265 808 aliisque
1297 772 1381 808 ope-

142 815 244 850 ribus
277 828 467 858 exornare,
498 820 534 851 et
560 814 682 850 omnia
711 814 847 863 potius,
878 812 990 864 quam
1019 819 1149 856 semet,
1186 813 1382 849 visendum

141 867 308 914 efficere3
336 868 371 904 id
394 873 461 911 est,
481 881 555 904 non
575 867 720 904 divitias
741 867 866 904 decori
884 867 1034 910 habere,
1062 866 1129 902 sed
1158 865 1279 914 ipsum
1310 866 1380 902 illis

143 921 282 970 flagitio
315 934 407 958 esse.
462 919 579 957 Porro
608 920 646 964 ii,
679 921 812 969 quibus
841 920 899 957 bis
932 920 989 957 die
1019 926 1183 957 ventrem
1214 933 1382 962 onerare,

142 973 282 1011 nullam
311 979 457 1011 noctem
490 975 566 1010 sine
595 981 716 1010 scorto
748 974 951 1024 quiescere,
980 987 1060 1010 mos
1088 979 1165 1016 est3
1205 973 1269 1009 ubi
1302 974 1382 1009 ani-

141 1041 256 1073 mum,
292 1041 402 1076 quem
437 1027 617 1064 dominari
653 1028 824 1071 decebat,
860 1027 1010 1064 servitio
1049 1024 1281 1076 oppressere,
1318 1041 1381 1063 ne-

142 1080 333 1130 quaquam
364 1095 408 1118 eo
440 1086 571 1130 postea
595 1081 718 1117 hebeti
750 1087 860 1130 atque
884 1080 1016 1117 claudo
1035 1093 1101 1128 pro
1132 1080 1308 1116 exercitio
1328 1080 1382 1115 uti

143 1133 296 1171 volunt:
343 1147 427 1170 nam
462 1133 711 1183 imprudentia
759 1134 934 1183 pleraque
983 1139 1019 1171 et
1056 1148 1096 1170 se
1136 1133 1383 1181 praecipitant.

144 1184 286 1223 Verum
315 1187 393 1224 haec
424 1194 460 1225 et
491 1187 613 1224 omnia
644 1186 742 1224 mala
768 1186 907 1237 pariter
932 1201 1016 1224 cum
1042 1187 1180 1223 honore
1211 1186 1379 1236 pecuniae

144 1240 327 1285 desinent,
356 1241 385 1277 si
417 1254 535 1291 neque
565 1241 818 1290 magistratus,
836 1254 959 1290 neque
980 1241 1052 1278 alia
1071 1240 1179 1289 vulgo
1199 1240 1381 1290 cupienda

144 1293 287 1330 venalia
306 1300 424 1332 erunt.
479 1294 541 1331 Ad
570 1294 653 1340 hoc,
677 1294 945 1343 providendum
976 1302 1045 1339 est,
1077 1307 1238 1343 quonam
1269 1294 1378 1329 modo

144 1346 251 1383 ltalia
281 1353 391 1397 atque
422 1347 621 1397 provinciae
648 1348 804 1384 tutiores
837 1348 930 1384 sint:
960 1347 1000 1384 id
1027 1348 1128 1399 quod
1157 1347 1254 1383 factu
1281 1346 1383 1382 haud

144 1401 344 1436 obscurum
369 1406 435 1437 est.
488 1400 587 1437 Nam
617 1401 727 1438 iidem
752 1401 875 1437 omnia
894 1407 1055 1448 vastant,
1072 1414 1156 1437 suas
1177 1400 1381 1436 deserendo

144 1453 288 1498 domos,
315 1460 351 1490 et
380 1467 446 1503 per
469 1454 639 1504 injuriam
668 1454 805 1490 alienas
834 1456 1067 1504 occupando.
1124 1454 1219 1490 Item
1247 1452 1307 1495 ne,
1342 1461 1383 1489 ut

143 1506 278 1552 adhuc,
296 1507 425 1543 militia
450 1507 586 1557 injusta
604 1512 667 1544 aut
684 1507 880 1557 inaequalis
910 1508 977 1545 sit:
1010 1510 1094 1545 cum
1124 1506 1186 1543 alii
1215 1506 1380 1556 triginta,

145 1573 230 1607 pars
249 1560 391 1597 nullum
411 1560 633 1610 stipendium
662 1561 792 1598 faciet:
823 1566 859 1597 et
878 1562 1103 1600 frumentum
1121 1561 1172 1603 id,
1192 1561 1291 1610 quod
1321 1574 1384 1595 an-

146 1619 207 1649 tea
224 1615 412 1662 praemium
432 1614 589 1662 ignaviae
619 1615 700 1659 fuit,
730 1628 797 1663 per
824 1616 1023 1664 municipia
1054 1623 1090 1653 et
1119 1614 1282 1650 colonias
1313 1612 1383 1649 illis

146 1666 233 1702 dare
270 1667 476 1713 conveniet,
504 1666 601 1714 cum,
633 1668 822 1717 stipendiis
856 1669 1034 1715 emeritis,
1065 1670 1194 1706 domos
1223 1672 1385 1703 reverte-

146 1719 230 1755 rint.
284 1720 377 1764 Quae
413 1720 630 1770 reipublicae
659 1721 882 1766 necessaria,
911 1722 1052 1772 tibique
1089 1721 1250 1782 gloriosa
1282 1727 1383 1756 ratus

146 1786 241 1816 sum,
278 1773 388 1822 quam
433 1774 678 1823 paucissumis
723 1775 879 1812 absolvi.
966 1775 1050 1812 Non
1099 1776 1203 1825 pejus
1239 1773 1386 1810 videtur

145 1839 265 1873 pauca
282 1840 380 1863 nunc
402 1828 446 1864 de
465 1827 564 1864 facto
584 1842 664 1865 meo
685 1829 878 1866 disserere.
936 1828 1111 1880 Plerique
1141 1827 1315 1864 mortales
1336 1828 1384 1863 ad

140 1879 384 1928 judicandum
422 1880 509 1916 satis
546 1881 683 1931 ingenii
724 1882 874 1925 habent,
911 1887 974 1918 aut
1011 1883 1205 1920 sunulant:
1255 1880 1385 1917 verum

146 1939 269 1968 tamen
288 1933 335 1969 ad
357 1934 659 1982 repiehendenda
687 1935 806 1971 aliena
836 1937 945 1977 facta,
965 1942 1030 1973 aut
1049 1937 1160 1975 dicta,
1180 1934 1281 1970 ardet
1310 1947 1386 1969 om-

146 1985 256 2022 nibus
277 1987 447 2024 animus:
477 1987 539 2023 vix
570 1988 661 2025 satis
693 1994 860 2037 apertum
897 2003 950 2033 OS,
988 1996 1051 2027 aut
1085 1990 1209 2037 linoua
1242 1993 1387 2036 promta

145 2039 302 2084 videtur,
328 2054 414 2090 quae
447 2041 623 2078 meditata
653 2048 801 2091 pectore
830 2042 997 2080 evolvat.
1037 2022 1172 2094 quibus
1209 2054 1267 2077 me
1304 2041 1388 2076 sub-

141 2092 281 2151 jectum
317 2093 417 2129 haud
452 2095 618 2143 poenitet,
662 2095 782 2145 magis
827 2095 1018 2134 reticuisse
1064 2098 1218 2146 pigeret.
1287 2092 1387 2128 Nam

147 2145 222 2182 sive
241 2144 324 2191 hac,
344 2161 408 2183 seu
439 2146 588 2185 meliore
616 2149 702 2193 alia,
722 2148 781 2186 via
808 2163 965 2199 perges·
959 2179 967 2194 ‚
995 2151 1017 2187 ὰ
1049 2164 1107 2187 me
1137 2148 1284 2200 quidem
1317 2160 1384 2195 pro

149 2198 243 2235 virlli
259 2205 361 2248 parte
378 2200 515 2237 dictum
534 2207 569 2237 et
588 2203 752 2252 adjutum
772 2202 893 2239 fuerit.
953 2203 1153 2253 Reliquum
1170 2208 1227 2240 est
1243 2205 1383 2248 optare,

150 2250 216 2291 uti,
253 2265 337 2300 quae
374 2254 440 2290 tibi
488 2253 706 2302 placuerint,
739 2271 781 2293 ea
811 2255 861 2292 dii
896 2255 1123 2295 immortales
1161 2254 1383 2305 approbent

148 2303 318 2354 beneque
338 2307 484 2344 evenire
505 2309 636 2345 sinant.
