1492 2531
350 44 567 83 BELLUM
594 45 616 82 J
619 44 803 83 UGURT
804 45 906 84 HIN
910 46 1000 84 ΠΜ.
1266 50 1311 87 71

85 147 169 184 illos
191 147 227 184 in
246 147 431 194 libertate,
459 148 536 184 sine
556 154 655 185 metu
682 154 830 185 aetatem
855 155 1016 186 acturos.
1069 149 1141 195 Ac,
1169 149 1207 186 ni
1237 151 1323 188 Ma·-

86 201 162 237 rius
199 202 304 249 signa
336 201 469 237 inferre
511 208 621 251 atque
658 202 815 239 evadere
858 202 997 251 oppido
1031 205 1317 252 properavisset,

86 253 252 304 profecto
284 254 419 297 cuncti,
453 259 515 297 aut
546 268 682 304 magna
705 269 790 304 pars
829 255 1073 302 Siccensium,
1104 257 1213 294 fidem
1245 271 1322 294 mu-

84 307 283 344 tavissent:
324 306 446 344 Tanta
481 308 684 344 mobilitate
716 322 797 345 sese
829 308 1007 346 Numidae
1044 316 1189 358 gerunt.
1244 312 1322 349 Sed

84 359 216 396 milites
243 360 470 410 Jugurthini,
495 361 683 411 paulisper
703 363 749 398 ab
769 375 857 410 rege
884 363 1092 409 sustentati,
1118 363 1316 414 postquam

83 413 219 463 majore
237 413 272 449 vi
290 414 415 450 hostes
443 419 590 464 urgent,
608 415 737 464 paucis
756 415 914 461 amissis,
941 417 1087 465 profugi
1107 417 1316 456 discedunt.

82 464 228 502 Marius
243 467 290 503 ad
307 466 464 504 Zamam
479 468 656 516 pervenit.
712 468 757 505 Id
776 468 967 517 oppidum,
983 469 1019 505 in
1039 483 1170 519 campo
1190 471 1315 517 situm,

82 518 202 569 magis
222 534 347 570 opere,
376 519 487 569 quim]
519 520 652 558 natura
676 522 857 558 munitum
885 528 975 567 erat,
1005 522 1142 559 nullius
1170 524 1315 562 idoneae

82 571 135 609 rei
154 587 282 622 egeus,
301 574 411 610 armis
434 574 596 623 virisque
622 575 849 624 opulentum.
902 575 1021 623 Igitur
1040 576 1231 622 Metellus,
1247 592 1315 627 pro

81 630 249 675 tempore
279 634 389 676 atque
421 627 504 664 loco
523 628 659 676 paratis
682 630 808 673 rebus,
828 635 963 665 cuncta
988 630 1120 666 muenia
1149 632 1315 669 exercitu

83 679 345 717 circumvenit:
374 680 507 731 legatis
527 682 698 730 imperat,
732 683 794 718 ubi
810 683 968 732 quisque
989 690 1145 720 curaret.
1200 684 1315 721 Dein-

83 730 143 778 de,
162 733 269 783 signo
299 734 397 780 dato,
428 735 590 783 undique
622 734 730 771 simul
763 735 901 771 clamor
931 736 1062 785 ingens
1085 737 1219 774 oritur:
1250 752 1314 775 ne-

81 798 153 834 que
173 799 217 822 ea
234 801 293 824 res
312 786 496 824 Numidas
516 794 651 826 terret:
681 788 814 824 infensi
833 789 1037 838 intentique
1057 790 1134 826 siue
1154 791 1316 829 tumultu

81 844 252 876 manent:
284 840 457 890 proelium
491 842 677 891 incipitur.
735 842 908 887 Romani,
936 856 1004 891 pro
1037 843 1186 892 ingenio
1217 845 1318 894 quis-

81 905 168 941 que,
187 905 272 941 pars
301 894 443 930 eminus
474 895 606 946 glande
633 901 698 932 aut
727 894 918 944 lapidibus
940 909 1128 944 pugnare,
1157 899 1315 935 evadere

80 945 155 990 alii,
174 946 235 982 alii
262 948 483 994 succedere3
505 963 546 986 ac
566 962 713 985 murum
731 947 844 985 modo
871 949 1069 994 suffodere,
1097 951 1208 987 modo
1238 965 1318 988 sca-

80 997 126 1035 lis
141 1002 317 1050 aggredi:
349 1015 484 1050 cupere
517 1002 687 1051 proelium
720 1003 890 1039 manibus
927 1003 1060 1040 facere.
1115 1003 1254 1041 Contra
1273 1019 1317 1042 ea

81 1053 259 1101 oppidani
306 1055 344 1091 in
379 1069 581 1103 proxumos
601 1070 692 1092 saxa
723 1055 895 1093 volvere:
937 1056 1062 1102 sudes,
1094 1056 1181 1104 pila,
1223 1072 1317 1107 prae-

80 1105 182 1142 terea
217 1109 300 1158 pice
329 1113 364 1145 et
392 1108 567 1157 sulphure
601 1110 735 1146 taedam
772 1110 931 1154 mistam,
968 1110 1133 1146 ardentia
1161 1111 1317 1149 mittere.

80 1157 158 1198 Sed
185 1176 253 1198 nec
272 1161 352 1199 illos
389 1162 552 1210 quidem,
582 1163 646 1212 qui
673 1162 801 1212 procul
829 1170 1052 1206 manserant,
1072 1163 1181 1200 timor
1205 1165 1317 1202 animi

80 1213 173 1252 satis
219 1216 444 1252 muniverat:
489 1230 574 1252 nam
626 1216 825 1265 plerosque
857 1215 992 1266 jacula,
1025 1218 1217 1254 tormentis
1254 1225 1318 1256 aut

80 1281 192 1305 manu
226 1269 374 1314 emissa,
405 1269 674 1315 vulnerabant3
711 1269 863 1318 parique
906 1269 1086 1317 periculo.
1123 1271 1188 1306 sed
1219 1271 1318 1309 fama

80 1320 225 1369 impari,
258 1322 346 1359 boni
381 1328 491 1371 atque
512 1323 638 1372 ignavi
661 1328 776 1359 erant.
830 1323 931 1359 Dum
959 1323 1059 1371 apud
1086 1324 1237 1361 Zamam
1265 1326 1316 1362 sic

80 1380 256 1420 certatur,
289 1375 476 1425 Jugurtha
512 1390 558 1414 ex
610 1376 809 1425 improviso
860 1382 980 1412 castra
1024 1376 1186 1413 hostium
1232 1392 1317 1415 cum

79 1430 217 1478 magna
234 1443 345 1465 manu
380 1429 545 1466 invadit:
575 1430 750 1472 remissis,
781 1429 844 1478 qui
880 1429 917 1464 in
949 1429 1122 1478 praesidio
1142 1437 1259 1477 erant,
1278 1439 1315 1469 et

81 1483 205 1518 omnia
231 1481 367 1532 mag‘ffi,
403 1482 516 1532 quam
551 1483 734 1532 proelium,
754 1483 1050 1531 expectantibus,
1088 1489 1233 1532 portam
1270 1486 1317 1522 ir-

80 1536 227 1584 rumpit.
293 1536 345 1572 At
377 1537 504 1582 nostri,
541 1537 733 1585 repentino
771 1544 873 1572 metu
899 1536 1076 1585 perculsi,
1109 1537 1180 1573 sibi
1217 1539 1317 1587 quis-

80 1602 151 1638 que
184 1603 251 1638 pro
270 1590 436 1626 moribus
457 1589 657 1626 consulunt
674 1604 680 1625 :
712 1589 774 1626 alii
790 1590 935 1639 fugere,
950 1589 1012 1625 alii
1031 1603 1132 1626 arma
1159 1604 1316 1640 capere3

79 1656 215 1691 magna
251 1656 335 1691 pars
368 1643 563 1688 vulnerati,
601 1649 665 1680 aut
701 1643 826 1679 occisi.
900 1641 1086 1679 Caeterum
1134 1657 1180 1680 ex
1217 1648 1316 1683 omni

78 1695 315 1733 multitudine
344 1708 418 1733 non
451 1696 610 1746 amplius
646 1696 901 1746 quadraginta,
937 1709 1119 1733 memores
1157 1699 1316 1736 nominis

78 1748 252 1792 Romani,
301 1762 415 1800 grege
449 1750 561 1793 facto,
608 1750 732 1787 locum
769 1748 902 1798 cepere
932 1748 1060 1797 paulo,
1097 1749 1209 1799 quam
1238 1752 1314 1797 alii,

79 1802 293 1839 editiorem:
342 1816 461 1852 neque
481 1803 568 1840 inde
597 1803 757 1840 maxima
784 1804 818 1839 vi
838 1802 975 1851 depelli
1005 1803 1216 1852 quiverunt:
1249 1807 1315 1843 sed

78 1855 152 1892 tela
187 1853 328 1892 eminus
374 1857 487 1893 missa
530 1858 729 1902 remittere,
773 1857 880 1905 pauci
919 1856 956 1892 in
992 1856 1161 1905 pluribus
1193 1859 1314 1896 minsis

78 1908 265 1946 frustrati:
314 1910 371 1946 sin
413 1910 591 1947 Numidae
637 1910 790 1959 propius
833 1910 1091 1953 accessissent,
1133 1911 1185 1947 ibi
1225 1912 1314 1950 vero

78 1962 252 2000 virtutem
285 1964 492 2007 ostendere,
524 1969 561 2000 et
597 1977 659 2000 eos
692 1964 865 1999 maxuma
900 1963 935 1998 vi
955 1964 1112 2008 caedere,
1144 1965 1313 2011 fundere,

79 2021 191 2065 atque
209 2016 351 2066 fugare.
379 2015 534 2053 Interim
556 2015 746 2060 Metellus,
766 2014 851 2052 cum
885 2016 1091 2062 acerrume,
1111 2031 1188 2054 rem
1209 2032 1316 2068 gere-

79 2076 148 2114 ret,
185 2069 381 2107 clamorem
413 2076 450 2106 et
493 2070 686 2106 tumultum
734 2069 904 2106 hostilem
945 2069 968 2106 ἐι
999 2075 1103 2119 tergo
1144 2073 1310 2121 accepit:

81 2123 180 2168 dein,
198 2137 376 2160 converso
409 2137 520 2173 equo,
557 2123 817 2173 animadvortit
852 2123 979 2172 fugam
1010 2124 1058 2159 ad
1094 2137 1133 2160 se
1166 2126 1313 2163 vorsi1m

79 2175 182 2212 fieri:
213 2189 296 2225 quae
332 2190 390 2213 res
428 2177 616 2213 indicabat
645 2176 836 2226 popularis
873 2190 967 2213 esse.
1037 2175 1156 2225 Igitur
1175 2179 1315 2226 equita-

80 2235 157 2265 tum
193 2243 337 2266 omnem
370 2230 417 2266 ad
450 2236 570 2266 castra
597 2228 755 2279 propere
788 2230 896 2275 mitit,
930 2243 973 2266 ac
1006 2229 1132 2266 statim
1154 2230 1195 2266 C.
1231 2232 1314 2269 Ma-

79 2283 171 2321 rium
208 2296 291 2320 cum
328 2283 542 2321 cohortibus
575 2284 777 2330 sociorum3
811 2297 970 2332 eumque
1004 2282 1226 2330 lacrumans,
1246 2299 1313 2335 per
