1492 2531
434 459 478 500 Ο.
510 459 656 500 SALL
663 459 823 501 USTII
850 460 1050 502 CRISPI

454 594 498 660 J
504 593 995 663 UGURTHA
1021 621 1039 677 3

717 767 777 788 SEU

320 877 595 919 BELLUM
627 878 1170 921 JUGURTHINUM.

134 1174 341 1256 FALSO
363 1174 529 1224 queritur
551 1175 596 1212 de
617 1174 750 1211 natura
775 1173 844 1211 su&
872 1188 992 1224 genus
1006 1175 1223 1224 humanum,
1251 1178 1371 1228 quod,

231 1228 414 1267 imbecille
453 1233 566 1277 atque
598 1228 666 1265 aevi
698 1228 838 1273 brevis,
862 1234 959 1265 sorte
988 1230 1127 1278 potius,
1147 1230 1260 1280 quam
1293 1233 1368 1270 vir-

130 1290 221 1327 tute,
265 1288 426 1331 regatur.
481 1281 582 1318 Nam
633 1280 776 1327 contra,
812 1283 1033 1330 reputando,
1076 1297 1201 1334 neque
1250 1287 1370 1337 majus

131 1338 246 1383 aliud,
290 1347 412 1385 neque
454 1334 703 1384 praestabilius
739 1334 928 1380 invenias3
977 1334 1174 1386 magisque
1226 1344 1370 1377 naturae

131 1390 351 1428 industriam
377 1389 579 1432 hominum,
609 1387 722 1437 quam
747 1388 820 1424 vim
848 1393 911 1424 aut
930 1394 1078 1438 tempus
1097 1391 1239 1428 deesse.
1293 1391 1371 1430 Sed

132 1445 208 1481 dux
244 1450 354 1493 atque
400 1443 600 1491 imperator
626 1441 712 1478 vitae
747 1441 959 1478 mortalium
995 1443 1140 1479 animus
1176 1451 1254 1481 est:
1292 1446 1371 1495 qui,

135 1498 199 1534 ubi
234 1498 281 1533 ad
324 1496 479 1547 gloriam
515 1494 661 1532 virtutis
699 1494 761 1531 via
801 1500 1006 1544 grossatur,
1039 1496 1189 1534 abunde
1224 1497 1371 1548 pollens

134 1558 343 1601 potensque
380 1554 416 1585 et
454 1548 576 1585 clarus
622 1553 692 1591 est,
727 1561 850 1597 neque
899 1549 1047 1586 fortuna
1079 1557 1183 1599 eget3
1231 1552 1371 1602 quippe

136 1618 219 1654 quae
243 1603 480 1653 probitatem,
516 1601 748 1643 industriam,
785 1601 949 1652 aliasque
982 1602 1072 1640 artis
1100 1604 1219 1640 bonas
1252 1619 1370 1654 neque

135 1659 222 1695 dare
253 1670 376 1707 neque
412 1656 553 1704 eripere
586 1654 760 1705 cuiquam
797 1661 931 1703 potest.
985 1655 1050 1693 Sin
1088 1662 1219 1705 captus
1247 1660 1370 1707 pravis

135 1711 385 1761 cupidinibus,
421 1709 469 1745 ad
498 1708 668 1745 inertiam
697 1714 733 1745 et
767 1707 976 1757 voluptates
1010 1710 1175 1759 corporis
1207 1725 1373 1760 pessum-

138 1766 244 1802 datus
278 1770 348 1810 est,
380 1761 588 1812 perniciosa,
621 1761 788 1798 lubidine
832 1762 1022 1812 paulisper
1058 1777 1170 1809 usus;
1198 1765 1260 1801 ubi
1305 1779 1372 1814 per

134 1818 340 1856 socordiam
391 1817 500 1859 vires,
548 1821 709 1864 tempus,
744 1815 934 1864 ingenium
981 1816 1185 1863 defluxere,
1231 1823 1372 1855 naturae

136 1872 328 1909 infirmitas
348 1874 567 1906 accusatur:
600 1881 704 1905 suam
720 1869 881 1918 quisque
901 1868 1047 1918 culpam
1076 1876 1220 1907 actores
1247 1875 1294 1907 ad
1312 1885 1373 1908 ne-

136 1926 237 1976 gotia
276 1924 514 1961 transferunt.
571 1920 682 1964 Quod
717 1922 748 1958 si
793 1921 1004 1959 hominibus
1035 1923 1214 1960 bonarum
1250 1938 1373 1961 rerum

136 1987 239 2017 tanta
259 1990 346 2015 cura
376 1982 487 2019 esset,
509 1982 647 2025 quanto
681 1975 803 2012 studio
826 1975 959 2022 aliena,
978 1989 1021 2012 ac
1047 1977 1138 2013 nihil
1163 1978 1373 2026 profutura,

138 2032 297 2069 multum
327 2031 437 2067 etiam
468 2028 681 2078 periculosa
711 2034 864 2078 petunt:
903 2042 1026 2079 neque
1060 2037 1277 2080 regerentur
1300 2045 1375 2068 ma-

140 2086 212 2137 gis,
245 2083 358 2135 quam
387 2093 558 2132 regerent
588 2095 718 2128 casus3
746 2087 782 2118 et
819 2080 864 2118 eo
898 2083 1160 2132 magnitudinis
1196 2085 1374 2132 procede-

141 2148 234 2185 rent,
256 2138 318 2174 ubi
340 2150 406 2185 pro
444 2135 662 2172 mortalibus
691 2135 811 2182 gloria
848 2136 965 2172 eterni
994 2136 1134 2173 fierent.
1190 2137 1289 2174 Nam
1321 2136 1373 2174 uti

139 2206 256 2244 genus
290 2190 477 2227 hominum
517 2188 762 2236 compositum
801 2202 847 2225 ex
876 2203 1029 2238 corpore
1061 2195 1098 2225 et
1135 2190 1255 2226 anima
1296 2197 1372 2227 est:

141 2250 191 2284 ita
235 2258 292 2282 res
343 2248 500 2283 cunctae,
533 2242 729 2291 studiaque
762 2243 884 2279 omnia
918 2248 1057 2288 nostra,
1094 2244 1260 2292 corporis
1290 2244 1374 2289 alia,

143 2300 215 2337 alia
252 2295 377 2341 animi,
414 2302 582 2332 naturam
620 2301 836 2345 sequuntur.
897 2295 1017 2344 Igitur
1044 2295 1220 2344 praeclara
1248 2297 1375 2339 facies,

142 2366 286 2403 magnae
324 2349 474 2395 divitiae,
515 2348 563 2385 ad
592 2348 661 2385 hoc
693 2348 749 2385 vis
787 2349 966 2399 corporis,
993 2356 1029 2386 et
1060 2349 1129 2386 alia
1159 2350 1281 2387 omnia
1308 2351 1376 2387 hu-
