1492 2531
416 95 587 133 BELLU
595 94 640 132 M
674 95 1067 134 JUGURTHINUM
1073 126 1080 134 .
1325 96 1374 133 83

126 200 355 238 consuefacit
375 199 523 236 ordines
546 199 697 241 habere,
728 198 835 249 signa
865 199 1209 249 sequi,·imperium
1245 199 1374 236 obser-

124 268 225 299 vare=
252 254 339 290 item
370 252 441 289 alia
473 252 644 288 militaria
676 253 809 289 facere.
881 252 1070 290 Praeterea
1100 252 1199 302 regis
1228 252 1370 289 Bocchi

125 320 324 357 proxumos
346 305 490 356 magnis
520 306 750 350 muneribus,
780 312 816 342 et
847 307 1048 357 majoribus
1082 306 1288 354 promissis,
1320 306 1368 342 ad

125 361 287 397 studium
306 360 364 396 sui
383 359 576 408 perducit:
607 358 691 409 quis
722 359 956 409 adjutoribus
991 373 1116 407 regem
1151 372 1368 409 aggressus,

123 413 290 462 impellit,
320 411 375 449 uti
401 412 598 449 advorsum
626 413 818 450 Romanos
846 413 990 450 bellum
1016 413 1205 462 suscipiat.
1260 412 1304 449 Id
1323 413 1368 452 ea,

123 467 245 516 gratia
274 466 419 503 facilius
451 465 678 515 proniusque
710 466 794 511 fuit,
826 465 928 516 quod
959 466 1133 503 Bocchus
1167 465 1270 503 initio
1303 465 1371 501 hu-

118 521 224 570 jusce
269 519 359 557 belli
389 519 532 569 legatos
565 520 725 556 Romam
756 520 919 566 miserat,
952 521 1073 557 soedus
1103 528 1140 556 et
1171 518 1371 556 amicitiam

125 573 295 621 petitum.
351 572 474 617 Quam
511 586 587 608 rem
636 573 1015 622 opportunissumam,
1058 574 1208 622 incepto
1256 572 1370 618 bello,

122 628 233 676 pauci
268 627 550 676 impediverant,
588 629 676 663 caeci
714 627 881 672 avaritia,
917 626 1002 676 quis
1051 627 1175 663 onmia
1209 625 1368 663 honesta

125 687 236 729 atque
268 680 463 716 inhonesta
490 680 651 716 vendere
683 694 763 716 mos
796 686 885 717 erat.
940 680 1063 717 Etiam
1095 677 1203 716 autea
1233 679 1371 728 Jugur-

124 733 197 769 thae
225 733 302 769 filia
331 733 474 770 Bocchi
506 739 696 781 nupserat.
751 732 894 770 Verum
925 747 968 770 ea
1001 732 1236 770 necessitudo
1267 734 1368 782 apud

125 786 308 823 Numidas
345 786 572 836 Maurosque
615 786 705 822 levis
750 787 919 823 ducitur:
969 786 1073 836 quod
1109 786 1259 834 singuli,
1296 799 1364 834 pro

125 840 274 888 opibus,
310 840 469 890 quisque
503 838 616 889 quam
653 839 831 888 plurimas
869 854 1015 884 uxores,
1049 840 1163 876 denas
1193 839 1270 882 alii,
1305 838 1368 876 alii

123 893 261 942 plures,
294 893 476 938 habeant3
519 893 586 929 sed
614 907 722 942 reges
742 892 787 930 eo
806 893 977 942 amplius.
1032 893 1091 930 Ita
1109 893 1253 929 animus
1272 892 1368 929 mul-

124 946 281 983 litudine
315 947 552 983 distrahitur:
600 947 738 982 nullam
775 961 841 995 pro
878 948 981 983 socia
1015 947 1178 983 obtinet:
1226 945 1368 995 pariter

124 1013 251 1036 omnes
270 999 362 1036 viles
382 1008 479 1037 sunt.
532 1000 650 1049 Igitur
676 1000 709 1035 in
741 1001 862 1036 locum
882 1001 1064 1037 ambobus
1092 1000 1268 1048 placitum
1305 1013 1367 1036 ex-

123 1053 259 1090 ercitus
296 1054 533 1090 conveniunt.
612 1054 660 1095 lii,
692 1054 764 1089 fide
800 1055 884 1090 data
916 1060 953 1090 et
982 1054 1148 1101 accepta,
1181 1053 1368 1102 ,Iugurtha

124 1106 265 1143 Bocchi
291 1107 453 1143 animum
474 1107 637 1143 oratione
658 1107 851 1151 accendit3
883 1106 1071 1143 Romanos
1091 1107 1261 1156 injusto&
1282 1120 1370 1155 pro-

124 1160 240 1196 funda
272 1160 439 1205 avaritia,
470 1174 685 1196 communes
716 1161 879 1196 omnium
912 1160 1028 1197 hostis
1061 1174 1170 1197 esse:
1212 1160 1368 1196 eandem

124 1212 208 1249 illos
240 1226 390 1249 causam
422 1213 510 1249 belli
541 1227 625 1249 cum
656 1213 806 1250 Boccho
835 1214 985 1257 habere,
1016 1213 1127 1261 quino
1157 1226 1300 1256 secum,
1331 1220 1369 1251 et

126 1279 209 1302 cum
244 1266 324 1302 aliis
354 1267 544 1316 gentibus,
581 1266 784 1303 lubidinem
817 1266 1078 1314 imperitandi3
1120 1266 1206 1316 quis
1243 1267 1368 1304 omnia

124 1333 241 1369 regna
259 1320 416 1356 advorsa
436 1321 529 1356 sint:
558 1325 635 1356 tum
657 1333 752 1361 sese,
772 1319 885 1368 paulo
912 1319 997 1356 ante
1027 1320 1367 1369 Carthaginienses,

123 1373 210 1410 item
231 1387 357 1422 regem
387 1373 542 1419 Persen,
572 1372 672 1422 post,
703 1372 757 1409 uti
790 1374 948 1424 quisque
977 1373 1282 1422 opulentissimus
1314 1374 1366 1410 vi-

124 1426 268 1471 deatur,
287 1425 339 1462 ita
358 1426 548 1463 Romanos
567 1427 708 1463 hostem
729 1428 820 1464 fore.
875 1427 943 1463 His
976 1434 1086 1477 atque
1116 1427 1197 1463 aliis
1229 1426 1366 1463 talibus

125 1479 246 1525 dictis,
274 1480 322 1516 ad
355 1480 490 1516 Cirtam
525 1481 702 1530 oppidum
736 1481 806 1517 iter
836 1481 1088 1517 constituunt:
1121 1479 1224 1529 quod
1247 1480 1299 1516 ibi
1320 1480 1368 1524 Q.

126 1532 304 1570 Metellus
334 1533 500 1582 praedum
533 1535 774 1583 captivosque
805 1542 841 1571 et
870 1534 1132 1584 impedimenta
1163 1533 1363 1570 locaverat.

125 1585 185 1622 Ita
202 1586 389 1636 Jugurtha
407 1593 523 1632 ratus,
555 1593 619 1623 aut
645 1588 753 1635 capta
787 1588 892 1633 urbe,
921 1601 1043 1634 operae
1072 1587 1233 1635 pretium
1264 1587 1364 1633 fore3

126 1645 203 1685 aut,
223 1640 253 1676 si
269 1640 458 1677 Romanos
478 1640 616 1677 auxilio
636 1641 712 1677 suis
732 1642 907 1681 venisset,
927 1640 1056 1688 proelio
1091 1652 1172 1676 Sese
1206 1646 1364 1678 certatu-

127 1705 198 1729 ros.
250 1693 348 1729 Nam
370 1693 528 1730 callidus
549 1694 585 1729 id
605 1693 718 1730 mode>
737 1695 949 1739 festinabat,
968 1692 1105 1730 Bocchi
1138 1707 1270 1742 pacem
1300 1694 1367 1730 im-

126 1746 292 1783 minuere
310 1761 318 1790 ;
339 1746 398 1789 ne,
419 1760 541 1783 moras
560 1748 751 1797 agitando,
771 1747 886 1791 aliud,
905 1747 1032 1796 quam,
1051 1746 1206 1792 bellum,
1227 1746 1363 1786 mallet.

126 1798 333 1848 Imperator
368 1799 567 1849 postquam
606 1801 652 1837 de
689 1814 819 1851 regum
853 1801 1028 1837 societate
1063 1800 1251 1850 cognovit,
1280 1814 1358 1838 non.

126 1853 278 1898 temere,
296 1867 431 1902 neque,
449 1852 503 1890 uti
525 1853 639 1903 saepe,
662 1855 739 1905 jam
760 1855 858 1891 victo
877 1854 1075 1904 jugurtha
1095 1861 1354 1899 consueverat,

126 1906 297 1942 omnibus
317 1906 408 1943 locis
424 1908 614 1957 pugnandi
632 1909 778 1957 copiam
797 1907 886 1944 facit
904 1922 912 1951 ;
946 1908 1132 1952 caeterum,
1151 1907 1253 1943 haud
1272 1921 1358 1957 pro-

127 1959 186 1995 cul
213 1961 260 1996 ab
282 1960 397 2006 Cirta,
417 1961 547 1997 castris
567 1962 732 2008 munitis,
752 1975 860 2011 reges
881 1961 1094 2010 opperitur3
1123 1960 1254 1997 melius
1274 1974 1358 1998 esse

126 2018 242 2056 ratus,
262 2014 424 2062 cognitis
450 2013 608 2060 Mauris,
637 2015 812 2064 quoniam
841 2015 872 2051 is
902 2028 1021 2050 novus
1051 2014 1168 2050 hostis
1199 2028 1366 2051 accesse-

126 2071 196 2111 rat,
231 2079 277 2102 ex
311 2067 506 2104 commodo
539 2081 705 2117 pugnam
736 2068 869 2104 facere.
924 2066 1079 2107 Interim
1126 2067 1248 2104 Roma
1294 2081 1362 2116 per

126 2117 266 2156 litteras
296 2120 337 2157 fit
370 2121 516 2166 certior,
548 2120 670 2157 Mario
703 2122 931 2171 provinciam
962 2120 1181 2157 Numidiam
1210 2121 1359 2158 datam:

129 2184 213 2207 nam
258 2174 448 2210 consulem
499 2174 638 2211 factum
677 2175 754 2224 jam
799 2174 908 2211 ante&
944 2180 1150 2223 acceperat.
1217 2174 1363 2218 Quibus

129 2224 252 2268 rebus,
290 2240 403 2275 supra
439 2227 578 2264 bonum
614 2233 724 2276 atque
761 2228 972 2273 honestum,
1003 2227 1210 2276 perculsus,
1241 2241 1362 2277 neque

129 2278 312 2328 lacrymas
332 2287 473 2327 tenere,
505 2294 627 2331 neque
661 2282 846 2319 moderari
876 2281 1068 2331 linguan13
1105 2281 1161 2317 vir
1192 2282 1366 2331 egregius
