1492 2531
144 84 196 121 48
631 87 882 125 SALLUSTI
889 87 907 124 I

141 187 299 224 aedificia
329 188 579 225 Numidarum
609 191 827 239 agrestium,
858 204 940 240 quae
969 191 1128 240 mapalia
1158 191 1210 227 illi
1239 198 1384 238 vocant,

142 241 318 291 oblonga,
358 242 521 278 incurvis
559 242 739 279 lateribus
777 250 892 290 tecta,
928 246 1035 293 quasi
1070 245 1221 281 navium
1252 245 1384 282 carinae

143 300 240 332 sunt.
297 295 421 331 Medis
453 303 576 331 autem
605 301 643 332 et
673 296 859 333 Armeniis
890 298 1081 335 accessere
1105 298 1271 347 Libyes3
1299 312 1385 335 nam

142 347 177 384 hi
216 348 371 398 propius
409 362 510 384 mare
546 348 714 385 Africum
751 350 964 399 agitabant:
1006 349 1159 398 (Gaetuli
1197 354 1267 388 sub
1305 351 1384 388 sole

142 400 287 450 magis3
316 401 417 438 haud
444 401 576 450 procul
606 403 652 438 ab
686 403 881 439 ardoribus
898 404 923 454 ι)
955 403 1065 453 hique
1084 403 1226 442 mature
1248 405 1386 454 oppida

142 454 319 491 habuere.
376 454 491 499 Nam,
520 455 615 492 freto
635 456 744 492 divisi
774 457 821 492 ab
845 455 1044 505 Hispania,
1071 464 1211 494 mutare
1239 472 1300 496 res
1332 458 1382 494 in-

143 514 200 544 ter
231 522 270 545 se
300 508 547 544 instituerant.
602 508 754 545 Nomen
784 523 912 546 eorum
939 509 1119 559 paulatim
1139 511 1281 561 Libyes
1308 525 1381 548 cor-

144 575 294 610 rupere,
333 559 496 597 barbara
526 560 657 611 lingua
689 561 844 599 Mauros
881 576 948 611 pro
982 563 1107 600 Medis
1144 564 1386 613 appellantes,

144 614 221 650 Sed
256 627 314 650 res
352 613 555 651 Persarum
589 613 697 651 brevi
734 615 918 653 adolevit:
962 629 1004 652 ac
1041 616 1175 666 postea
1210 617 1387 654 Numidae

145 667 308 713 nomine,
326 673 478 717 propter
496 667 786 713 multitudinem,
817 669 839 705 a
860 669 1074 718 parentibus
1100 670 1274 720 digressi,
1303 684 1389 720 pos-

146 719 276 758 sedere
311 735 355 758 ea
387 721 471 758 loca
504 734 587 770 quae
615 722 794 770 proxume
827 722 1089 772 Carthaginem
1115 723 1298 760 Numidia
1326 737 1390 772 ap-

147 774 315 823 pellatur.
381 774 529 811 Deinde
575 775 735 824 utrique,
771 775 897 812 alteris
933 776 1030 822 freti,
1066 776 1241 813 finitimos
1278 778 1388 814 armis

147 834 210 864 aut
242 834 343 864 metu
374 828 443 864 sub
474 828 670 877 imperium
700 842 809 865 suum
838 828 1019 879 coegere:
1053 843 1188 867 nomen
1218 830 1390 880 gloriam-

148 894 222 931 que
249 881 321 918 sibi
350 880 553 926 addidere3
584 880 704 931 magis
734 882 786 926 hi,
815 882 879 931 qui
906 883 953 918 ad
978 888 1146 919 nostrum
1174 897 1274 921 mare
1306 897 1391 933 pro-

148 940 361 981 cesserant,
399 935 486 983 quia
517 934 674 984 Libyes,
711 935 824 983 quam
854 935 1007 980 Gaetuli,
1041 936 1163 973 minus
1195 937 1387 974 bellicosi:

148 988 307 1037 denique
337 988 474 1024 Africae
506 1001 592 1036 pars
625 988 777 1025 inferior
808 988 985 1038 pleraque
1019 990 1066 1026 ab
1101 989 1274 1027 Numidis
1305 1004 1391 1040 pos-

149 1055 254 1079 sessa
273 1047 350 1078 est:
382 1041 472 1079 victi
492 1054 620 1078 omnes
649 1041 685 1077 in
712 1048 860 1090 gentem
889 1056 1100 1092 nomenque
1127 1043 1391 1092 imperantium

149 1094 397 1136 concessere.⁴
453 1093 591 1131 Postea.
629 1093 840 1141 Phoenices,
890 1095 950 1131 alii
997 1095 1242 1133 multitudinis
1291 1097 1391 1133 domi

149 1148 359 1185 minuendae
388 1147 521 1197 gratia,
548 1161 634 1196 pars
665 1148 811 1196 imperii
840 1148 1031 1197 cupidine,
1059 1148 1255 1186 sollicitata
1283 1150 1392 1199 plebe

150 1208 189 1239 et
215 1201 296 1238 aliis
328 1214 506 1237 novarum
536 1214 659 1237 rerum
694 1201 826 1245 avidis,
866 1200 1093 1250 Hipponem,
1130 1202 1394 1252 Adrymetum,

151 1255 318 1305 Leptim,
347 1255 516 1302 aliasque
550 1253 654 1290 urbis
684 1254 721 1290 in
753 1253 818 1291 ora
847 1254 1032 1291 maritima
1062 1255 1281 1292 condidere:
1322 1270 1394 1293 eae-

151 1322 223 1358 que
252 1306 359 1345 brevi
388 1307 546 1343 multum
579 1313 715 1351 auctae,
752 1321 838 1356 pars
869 1308 1074 1356 originibus
1101 1310 1179 1344 suis
1207 1309 1394 1357 praesidio,

152 1362 233 1399 aliae
271 1361 398 1399 decori
442 1359 557 1397 fuere.
625 1359 724 1397 Nam
769 1362 815 1398 de
853 1361 1077 1410 Carthagine
1115 1361 1222 1399 silere
1261 1362 1394 1400 melius

151 1422 255 1465 puto,
275 1414 388 1464 quam
409 1414 542 1463 parum
561 1414 705 1450 dicere:
738 1415 913 1463 quoniam
936 1414 1010 1452 alio
1029 1428 1227 1464 properare
1247 1421 1395 1465 tempus

152 1475 290 1506 monet.
344 1468 486 1517 Igitur;
530 1467 577 1503 ad
615 1467 901 1513 Catabathmon,
937 1468 1002 1517 qui
1038 1467 1142 1504 locus
1179 1468 1392 1518 AEgyptum

153 1524 201 1560 ab
221 1520 351 1559 Africa
380 1521 522 1567 dividit,
555 1519 723 1557 secundo
751 1521 844 1557 mari
873 1521 992 1569 prima
1022 1521 1167 1570 Cyrene
1198 1528 1268 1568 est,
1298 1523 1397 1559 colo-

154 1576 216 1613 nia
234 1573 431 1620 Theraec‘in,
461 1588 503 1610 ac
534 1574 711 1623 deinceps
740 1575 824 1611 duae
846 1575 988 1622 Syrtes,
1017 1574 1186 1624 interque
1215 1589 1278 1612 eas
1298 1575 1397 1624 Lep-

155 1630 224 1667 tis:
264 1627 398 1665 deinde
418 1626 602 1664 Philenon
635 1641 730 1673 arae;
767 1641 877 1677 quem
905 1627 1042 1673 locum,
1072 1626 1288 1678 AEgyptum
1316 1643 1396 1666 ver-⁴

156 1683 234 1727 siis,
271 1682 382 1718 finem
413 1681 557 1730 imperii
589 1679 752 1717 habuere
786 1679 1136 1730 Carthaginienses:
1177 1680 1279 1731 post,
1316 1682 1396 1721 aliae

155 1737 311 1774 Punicae
363 1736 487 1771 urbes.
561 1735 704 1771 Caetera
747 1733 831 1770 looa
881 1747 998 1782 usque
1047 1735 1095 1771 ad
1133 1735 1395 1772 Mauritaniam

156 1789 334 1828 Numidae
363 1793 502 1825 tenent.
559 1786 748 1824 Proxuma
775 1787 999 1836 Hispaniam
1032 1786 1160 1824 Mauri
1184 1793 1279 1825 sunt.
1332 1787 1398 1824 Su-

156 1857 223 1894 per
250 1841 482 1885 Numidiam,
524 1840 696 1877 Gaetulos
730 1841 955 1889 accepimus,
984 1839 1121 1890 partim
1154 1842 1190 1877 in
1224 1841 1396 1891 tuguriis,

158 1897 251 1934 alios
281 1893 455 1931 incultius
485 1907 615 1943 vagos,
654 1894 817 1944 agitare:
850 1900 937 1943 post
962 1907 1026 1930 eos
1057 1894 1258 1943 AEthiopas
1288 1908 1394 1932 esse:

160 1950 244 1987 dein
273 1948 358 1985 loca
383 1953 514 1984 exusta
543 1947 631 1984 solis
663 1947 870 1983 ardoribus.
924 1947 1041 1996 Igitur
1059 1947 1156 1984 bello
1175 1948 1399 1997 Jugurthino

160 2003 338 2054 pleraque
375 2014 421 2037 ex
457 2001 610 2039 Punicis
646 2000 796 2049 oppida,
837 2005 872 2036 et
907 2000 990 2037 finis
1029 2000 1397 2048 Carthaginiensium,

161 2070 255 2107 quos
291 2053 504 2092 novissume
540 2053 762 2099 habuerant,
803 2053 966 2102 populus
1002 2054 1194 2090 Romanus
1226 2068 1293 2103 per
1324 2068 1401 2091 ma-

163 2111 341 2160 gistratus
371 2107 675 2144 administrabatt
708 2106 942 2144 Gaetulorum
971 2121 1108 2157 magna
1131 2119 1230 2156 pars,
1258 2114 1295 2144 et
1318 2107 1401 2144 Nu-

162 2163 275 2203 midae
306 2162 352 2197 ad
381 2160 518 2197 flumen
547 2174 666 2209 usque
696 2159 929 2201 Mulucham,
962 2161 1031 2197 sub
1061 2159 1243 2209 ,Iugurtha
1270 2167 1396 2198 erant:

164 2215 308 2253 Mauris
346 2214 518 2250 omnibus
565 2227 629 2249 rex
664 2213 838 2251 Bocchus
877 2214 1124 2263 imperitabat,
1163 2219 1301 2262 praeter
1335 2228 1401 2251 no-

164 2283 262 2314 rnen,
291 2266 424 2305 caetera
454 2266 602 2316 ignarus
634 2266 762 2316 populi
795 2266 976 2305 Romani:
1006 2266 1167 2316 itemque
1202 2268 1309 2305 nobis
1341 2281 1401 2304 ne-
