1492 2531
318 79 692 119 HISTORIARUM
718 77 1066 116 FRAGMENTA.
1238 76 1307 114 111

84 184 178 230 tati3
207 184 343 234 quibus
364 184 468 232 quies
496 183 534 219 in
568 181 833 225 seditionibus;
861 181 899 217 in
932 194 1023 230 pace
1056 181 1172 217 turbae
1201 185 1310 216 sunt:

84 238 123 275 hi
141 237 339 274 tumultum
368 250 415 273 ex
434 236 609 277 tumultu,
638 234 779 272 bellum
808 248 854 271 ex
884 234 981 271 bello
1011 239 1157 271 serunt:
1189 233 1314 270 Satur-

86 292 163 328 nini
182 291 280 336 olim,
308 287 393 338 pbst
423 288 593 339 Sulpicii,
613 289 697 325 dein
727 287 853 333 Marii,
880 288 1185 336 Damasippique,
1216 301 1314 323 nunc

88 344 236 393 Lepidi,
273 342 464 379 satellites.
521 340 709 379 Praeterea
748 341 893 377 Etruria
934 348 1042 389 atque
1077 355 1204 377 omnes
1235 339 1317 376 reli-

88 398 186 447 quiae
221 396 309 433 belli
339 402 510 433 arrectae:
542 395 738 444 Hispauiae
768 395 877 431 armis
910 394 1139 436 sollicitatae;
1169 393 1317 430 Mithri-

89 451 194 487 dates
229 450 267 486 in
310 448 425 486 latere
475 449 714 498 vectigalium
761 454 982 490 nostrorum,
1024 449 1158 497 quibus
1195 447 1318 484 adhuc

91 508 354 547 sustentamur,
385 503 483 540 diem
513 502 613 539 bello
643 501 913 550 circumspicit:
945 502 1047 551 quin,
1078 506 1213 550 praeter
1245 500 1320 537 ido-

90 570 202 594 neum
239 556 386 602 ducem,
420 555 512 592 nihil
545 557 652 592 abest
686 556 732 592 ad
782 555 1076 591 subvertundum
1112 554 1320 603 imperium.

93 610 207 654 Quod
236 623 306 660 ego
338 624 405 647 vos
430 623 494 645 oro
525 615 638 658 atque
669 610 838 652 obsecro,
868 608 910 644 P.
944 607 1000 652 C„
1019 613 1060 644 ut
1092 608 1323 644 animadvor-

93 664 205 707 tatis;
234 677 308 700 neu
333 663 523 712 patiamini
542 662 728 699 licentiam
758 662 950 706 scelerum,
970 661 1077 711 quasi
1102 661 1256 706 rabiem,
1274 661 1323 697 ad

93 717 259 767 integros
297 722 470 753 contactu
507 717 720 765 procedere.
773 715 886 760 Nam,
917 715 981 750 ubi
1016 714 1133 751 malos
1169 714 1325 762 praemia

96 774 311 819 sequuntur,
331 769 431 805 haud
451 769 560 805 facile
588 769 785 818 quisquam
803 766 964 818 gratuite
989 769 1111 805 bonus
1141 773 1207 804 est.
1262 766 1324 803 An

96 823 336 872 exspectatis,
370 823 473 868 dum,
505 822 668 859 exercitu
717 822 846 859 rursus
883 823 1044 867 admoto,
1078 823 1174 858 ferro
1213 826 1325 870 atque

97 875 247 914 flamma
279 877 410 913 urbem
439 876 613 913 invadat?
641 876 742 925 quod
776 873 895 912 mult&
930 875 1082 924 propius
1108 880 1164 912 est
1191 876 1238 912 ab
1268 887 1328 919 eO,

99 944 172 979 quo
205 929 334 980 agitat,
371 934 483 975 statu,
513 928 623 978 quam
652 943 697 966 ex
727 942 819 979 pace
847 935 884 966 et
921 929 1119 965 concordia
1148 928 1195 964 ad
1227 940 1329 964 arma

100 983 243 1020 civilia:
275 997 359 1032 quae
388 982 448 1019 ille
481 982 679 1020 advorsum
703 983 826 1019 divina
854 988 891 1019 et
918 982 1079 1018 humana
1112 982 1234 1018 omnia
1265 995 1330 1018 ce·

100 1038 168 1086 pit,
185 1050 259 1072 non
277 1050 344 1085 pro
378 1037 458 1079 sua,
478 1042 542 1073 aut
574 1050 731 1086 quorum
756 1036 904 1073 simulat
932 1034 1077 1085 injuria,
1106 1036 1173 1072 sed
1202 1036 1330 1085 legum

101 1104 144 1127 ac
181 1089 362 1126 libertatis
401 1090 678 1127 subvertundae.
731 1089 894 1139 Angitur
930 1089 1027 1126 enim
1062 1102 1105 1125 ac
1146 1089 1333 1125 laceratur

102 1143 214 1180 animi
230 1143 417 1192 cupidine,
437 1148 474 1179 et
493 1156 673 1179 noxarum
691 1148 806 1187 metu,
826 1156 958 1192 expers
979 1143 1136 1186 consilii,
1162 1142 1332 1191 inquies:

104 1196 186 1233 haec
217 1201 327 1245 atque
356 1196 420 1232 illa
446 1201 607 1242 tentans,
635 1196 766 1233 metuit
795 1197 923 1244 otium,
955 1196 1032 1233 odit
1059 1196 1213 1240 bellum,
1242 1195 1334 1232 luxu

104 1255 216 1298 atque
250 1249 402 1286 licentia
447 1250 646 1286 carendum
681 1250 792 1297 videt,
828 1256 939 1300 atque
987 1248 1135 1286 interim
1171 1249 1338 1286 abutitur

105 1301 231 1339 vestra
265 1301 448 1339 socordia.
501 1303 638 1352 Neque
673 1303 761 1338 mihi
798 1302 888 1340 satis
919 1302 1076 1344 consilii,
1108 1308 1260 1345 metum,
1290 1316 1338 1339 an

106 1356 306 1404 ignaviam,
325 1370 371 1392 an
392 1357 616 1393 dementiam
642 1370 723 1393 eam
754 1357 957 1406 appellem:
990 1357 1053 1405 qui
1080 1356 1258 1393 videmini
1286 1357 1339 1392 in-

106 1415 210 1446 tenta
227 1409 337 1454 mala,
355 1409 461 1458 quasi
486 1409 639 1456 fulmen,
666 1416 806 1459 optare,
826 1425 863 1448 se
897 1411 1053 1460 quisque
1073 1409 1121 1446 ne
1152 1411 1336 1460 attingat3

109 1462 176 1499 sed
206 1463 398 1511 prohibere
426 1477 472 1500 ne
493 1465 617 1500 conari
646 1464 806 1513 quidem.
862 1464 910 1501 Et
939 1477 1069 1513 quaeso
1091 1463 1337 1509 considerate,

110 1514 222 1565 quam
252 1530 432 1553 conversa
465 1530 588 1553 rerum
622 1523 753 1554 natura
785 1518 843 1554 sit.
897 1516 1020 1554 Antea.
1052 1517 1190 1553 malum
1213 1517 1337 1566 publi-

111 1583 209 1612 cum,
237 1570 409 1615 occulte3
451 1570 586 1607 auxilia
620 1570 743 1620 palam
773 1572 1061 1616 instruebantur,
1096 1576 1132 1608 et
1167 1568 1213 1607 θὸ
1248 1571 1338 1608 boni

111 1623 226 1659 malos
245 1622 354 1659 facile
372 1623 582 1661 anteibant:
613 1637 710 1660 nunc
741 1638 813 1674 pax
841 1632 876 1661 et
903 1625 1101 1661 concordia
1130 1624 1340 1661 disturban-

112 1681 173 1711 tur
209 1675 357 1724 palam3
398 1677 646 1713 defenduntur
682 1677 836 1716 occulte.
891 1678 1036 1721 Quibus
1072 1677 1136 1714 illa
1177 1677 1340 1726 placent,

113 1728 151 1765 in
170 1729 280 1765 armis
296 1735 405 1769 suntz
432 1744 499 1767 vos
518 1731 554 1767 in
575 1736 686 1767 metu.
744 1732 845 1776 Quid
871 1731 1128 1781 exspectatis?
1157 1731 1228 1767 nisi
1246 1731 1339 1769 forte

114 1782 233 1831 pudet
262 1792 324 1819 aut
339 1783 443 1833 piget
460 1783 562 1820 recte
580 1785 713 1821 facere.
768 1786 828 1822 An
857 1785 988 1834 Lepidi
1007 1784 1179 1821 mandata
1196 1785 1341 1822 animos

115 1836 295 1872 movent?
339 1838 402 1884 qui
432 1837 580 1886 placere
618 1839 680 1882 ait,
717 1852 784 1876 sua
815 1839 949 1888 cuique
982 1839 1107 1883 reddi3
1151 1844 1188 1875 et
1221 1838 1341 1877 aliena

115 1894 235 1925 tenet:
267 1888 357 1926 belh
379 1891 464 1939 jura
490 1891 676 1937 rescindi3
706 1892 790 1929 cum
818 1893 898 1941 ipse
918 1893 1029 1929 armis
1056 1898 1188 1942 cogat:
1219 1892 1344 1930 civita-

116 1947 190 1978 tem
228 1942 436 1979 contirmari
471 1945 608 1993 quibus
643 1946 812 1995 adeptam
848 1952 980 1996 negat:
1013 1946 1223 1982 concordiae
1256 1960 1342 1996 gra-

119 1995 170 2031 tia
200 1995 302 2044 plebi
331 1996 564 2035 tribuniciam
598 2004 819 2048 potestatem
840 2000 997 2043 restitui,
1025 2013 1071 2036 ex
1105 2000 1180 2049 qua
1215 2012 1343 2038 omnes

121 2048 314 2085 discordiae
353 2063 531 2087 accensae.
585 2051 764 2089 Pessume
798 2053 974 2099 omnium,
1011 2058 1121 2103 atque
1154 2053 1347 2102 impuden-

121 2101 288 2146 tissume,
316 2103 429 2140 tibine
463 2110 610 2154 egestas
644 2105 779 2142 civium
805 2112 840 2142 et
869 2107 989 2143 luctus
1022 2120 1121 2143 curae
1158 2112 1256 2152 sunt,
1286 2109 1346 2145 eui

120 2154 211 2190 nihil
236 2161 291 2192 est
310 2155 422 2198 domi,
448 2158 517 2193 nisi
536 2157 647 2195 armis'
667 2166 809 2207 partum
828 2166 889 2196 aut
908 2174 974 2209 per
988 2160 1186 2210 injuriam?
1240 2160 1346 2198 Alte-

121 2219 203 2243 rum
235 2209 464 2246 consulatum
502 2211 610 2260 petis,
648 2213 754 2262 quasi
787 2214 943 2262 primum
977 2214 1204 2251 reddideris:
1248 2215 1347 2252 bello

124 2262 357 2319 cenem-diam
405 2265 556 2313 quaeris,
589 2279 663 2314 quo
700 2272 804 2315 parta
840 2267 1089 2304 disturbatur:
1118 2265 1235 2303 nostri
1268 2281 1349 2317 pro-

124 2313 233 2360 ditor,
259 2314 339 2352 istis
374 2316 524 2365 infidus,
548 2317 664 2356 hostis
695 2320 857 2356 omnium
890 2322 1083 2357 bonorum.
1138 2320 1189 2357 Ut
1224 2326 1259 2358 te
1289 2336 1350 2359 ne-
