1492 2531
331 56 705 96 HISTORIARUM
734 56 877 94 FRAG
885 56 1088 94 MENTA.
1252 59 1325 95 139

146 162 242 201 Sane
270 164 387 200 bonus
419 162 465 199 ea.
492 166 711 211 tempestate
745 167 874 198 contra
899 161 1063 210 pericula
1091 167 1128 198 et
1157 162 1326 199 ambitio-

96 231 192 255 nem.
247 218 363 254 Idem.
687 253 689 255 ,

146 271 265 308 Simul
285 269 453 306 immanis
472 268 660 305 hominum
680 267 736 304 vis
756 281 803 304 ex
821 267 913 305 locis
943 268 1113 306 invasere
1140 274 1324 319 patentes,

93 324 176 360 cnm
197 330 232 361 et
250 323 352 373 pacis
371 323 480 359 modo
498 322 645 359 effusas.
685 320 804 358 Idem.

147 377 279 413 Genua
300 383 442 425 patrum
463 375 717 413 advolvuntur.
769 374 886 412 Idem.

145 429 347 467 Perrexere
360 432 397 466 in
417 429 634 479 Hispaniam
653 441 698 464 an
717 428 936 466 Sardiniam.
993 428 1110 465 Idem.

145 483 239 526 Quae
258 484 416 532 mapalia
441 489 526 520 sunt
544 482 777 531 circumjecta
806 482 959 529 civitati,
992 483 1207 519 suburbana
1238 482 1325 518 aetli-¹

92 537 185 573 ficia.
236 536 354 574 Idem.

148 591 194 626 Et
213 603 323 628 onere
339 590 492 627 turrium
510 589 660 627 incertis
679 589 848 626 navibus.
904 588 1023 626 Idem.

143 643 316 680 Traditur
333 644 461 693 fugam
476 643 512 679 in
531 643 732 693 longinqua
754 643 895 679 Oceani
915 643 1126 691 agitavisse.
1182 641 1300 678 Idem.

143 697 205 733 Ad
234 698 450 734 mutandum
480 696 593 734 modo
622 697 659 734 in
690 697 823 733 melius
857 696 1060 734 servitium.
1093 696 1248 732 Servius
1281 695 1328 732 ad

90 751 249 798 primum
268 750 466 787 AEne'z'a'os.

143 803 281 853 Magna
304 804 359 840 vis
378 803 567 840 hominum
587 809 810 840 convenerat
825 803 922 852 agris
949 801 1058 852 pulsa
1085 807 1149 838 aut
1178 802 1325 839 civitate

89 857 217 906 ejecta.
272 856 389 902 Idem,
415 855 564 894 ibidem.

143 909 237 946 Cum
256 924 401 947 murum
420 910 577 947 hostium
596 910 849 954 successisset,
869 922 998 958 poenas
1018 908 1180 945 dederat.
1222 909 1324 945 Idem

90 962 141 998 ad
158 963 344 1014 Eclogccm
363 963 542 1014 quintam.

142 1016 293 1067 Quippe
313 1024 417 1054 vasta
440 1017 544 1053 [talia
562 1016 714 1065 rapinis,
734 1015 835 1065 suga,
855 1016 1029 1052 caedibus.
1083 1014 1201 1053 Idem.

144 1071 194 1106 Hi
225 1076 312 1106 sunt
337 1071 400 1120 qni
419 1067 624 1106 secundum
653 1069 801 1119 pocula,
829 1075 862 1105 et
882 1069 971 1105 alias
991 1083 1048 1105 res
1079 1082 1225 1114 aureas,
1258 1070 1327 1105 diis

89 1129 234 1160 sacrata
274 1124 519 1160 instrumenta
546 1123 715 1160 convivio
750 1128 968 1159 mereantur.
1036 1121 1141 1158 Idem
1173 1123 1224 1159 ad
1255 1123 1327 1159 viii.

90 1175 290 1213 AEne‘idos.

140 1229 184 1266 In
204 1229 369 1268 secunda
387 1230 540 1266 festinas
561 1229 731 1266 cohortes
751 1235 1020 1279 composuerat.
1086 1228 1191 1265 Idem
1212 1229 1263 1264 ml
1280 1229 1328 1264 ix.

139 1282 223 1320 Jam
242 1283 395 1333 repente
414 1283 515 1319 visus
536 1283 665 1319 saevire
685 1282 825 1331 Tagus.
881 1282 985 1319 Idem
1004 1280 1052 1318 ab
1073 1295 1107 1318 x.

139 1336 288 1373 Exuant
306 1337 416 1373 armis
436 1336 626 1386 equisque.
681 1334 799 1380 Idem,
819 1334 866 1373 ib.

139 1390 246 1427 Solas
260 1390 447 1433 festinare,
500 1389 618 1433 Idem,
637 1387 686 1426 ib.

139 1443 342 1481 Lusitaniae
361 1457 510 1493 gravem
529 1443 724 1479 civitatem.
778 1441 896 1486 Idem,
914 1440 962 1478 ib.

138 1496 197 1533 Ex
231 1504 334 1547 parte
382 1496 586 1534 cohortium
622 1496 823 1546 praecipere
859 1495 1051 1541 instructa,
1083 1502 1120 1533 et
1151 1495 1328 1533 stationes

86 1550 215 1587 locatae
233 1564 299 1600 pro
318 1550 461 1588 castris.
511 1549 631 1595 Idem,
649 1549 698 1586 ib.

140 1603 286 1640 Bellum
317 1605 453 1655 quibus
485 1610 613 1654 posset
649 1603 924 1644 conditionibus
955 1603 1149 1641 desineret.
1205 1601 1325 1638 Idem..

89 1656 135 1692 ib.
945 1673 947 1676 ·

140 1710 183 1746 In
212 1709 295 1759 quis
322 1710 539 1760 longissimo
559 1723 637 1746 aevo
657 1710 776 1759 plura,
796 1711 841 1750 de
874 1712 982 1750 bonis
1019 1710 1124 1755 falsa,
1161 1710 1198 1746 in
1231 1710 1325 1746 dete-

86 1763 162 1799 rius
182 1764 401 1812 composuit.
456 1762 576 1801 Idem.
596 1763 645 1801 ib.

141 1817 254 1854 Cultu
273 1817 437 1866 corporis
457 1823 586 1854 ornata
601 1817 763 1867 egregio.
820 1818 936 1863 Idem,
955 1818 1003 1855 ib.

140 1871 190 1907 At
219 1869 402 1908 Sertorius
435 1883 574 1907 vacuus
608 1871 743 1921 hyeme
774 1885 908 1921 augere
943 1872 1082 1921 copias.
1155 1868 1257 1907 Acro
1287 1869 1327 1905 in

87 1922 312 1961 Horatium.

139 1977 205 2013 Sin
241 1977 296 2014 vis
332 1976 500 2021 obsistat,
535 1977 631 2014 ferro
666 1977 778 2027 quum
814 1979 910 2015 fame
948 1978 1090 2028 aequiiis
1124 1977 1325 2027 perituros.

87 2029 252 2068 Servius.
945 2062 951 2067 .

111 2102 124 2132 ξ,
140 2083 315 2121 Consedit
333 2083 369 2119 in
388 2082 483 2120 valle
500 2083 661 2133 virgulta
678 2084 960 2134 nenloroszique.
1015 2083 1133 2121 Idem.

140 2136 337 2174 Paululum
352 2136 528 2186 requietis
544 2137 735 2175 militibus.
787 2137 904 2174 Idem.

139 2189 213 2232 Qui
232 2190 332 2227 nullo
352 2195 451 2226 certo
472 2189 581 2226 exilio
601 2190 842 2239 vagabantur.
900 2189 1018 2229 Idem.

138 2242 270 2279 Nubes
288 2241 473 2280 faedavere
492 2242 626 2280 lumen.
679 2242 795 2281 Idem.
