1492 2531
148 92 165 128 1
175 90 221 128 12
628 88 905 127 SALLUSTII

145 207 218 242 que
237 191 424 229 hominum
445 204 566 241 neque
586 191 738 228 deorum
767 192 896 242 pudet,
915 206 1009 242 quos
1032 193 1189 243 perfidia
1208 200 1271 232 aut
1288 209 1374 245 per-

139 247 238 297 jurio
257 246 404 282 violasti
421 245 427 281 !
487 245 575 291 Qui,
594 246 743 295 quando
763 245 844 282 talis
869 260 921 292 es,
939 260 1091 284 maneas
1114 248 1151 284 in
1177 250 1377 295 sententia,

145 305 182 336 et
209 299 365 336 retineas
386 312 498 345 arma,
521 304 557 337 te
583 298 731 335 hortor:
761 312 833 335 neu
862 299 1090 347 prolatandis
1126 302 1376 339 seditionibus

145 353 290 413 inquies
309 353 402 402 ipse,
422 367 490 390 nos
520 352 557 388 in
578 351 827 389 sollicitudine
855 353 1025 391 retineas.
1077 354 1214 405 Neque
1235 361 1270 392 te
1297 369 1379 405 pro·

145 406 291 450 vinciae,
312 419 431 456 neque
462 406 578 455 leges,
605 419 727 455 neque
757 405 807 442 dii
831 411 997 454 penates,
1027 407 1144 444 civem
1176 409 1378 469 patiuntur.

146 459 283 510 Perge,
298 472 374 509 qua
394 459 560 507 coepisti;
591 464 632 495 ut
663 457 778 508 quam
796 459 1023 496 maturrume
1042 461 1171 498 merita
1189 462 1372 499 invenias.

148 513 229 551 Vos
259 518 398 558 autem,
435 513 480 550 P.
512 513 571 556 C„
614 525 824 562 quousque,
861 514 1083 559 cunctando,
1111 515 1377 563 rempublicam

146 566 303 604 intutam
329 566 530 615 patiemini,
558 570 596 603 et
626 565 747 602 verbis
776 578 877 601 arma
911 566 1139 604 tentabitis?
1193 567 1376 605 Delectus

147 619 348 657 advorsum
379 633 445 656 vos
480 619 621 663 habiti3
651 618 819 667 pecuniae
856 617 1006 668 publice
1040 626 1076 657 et
1110 619 1283 669 privatim
1314 634 1380 658 ex-

147 678 275 718 tortae;
321 673 494 722 praesidia
529 672 687 709 deducta
736 679 847 722 atque
884 673 1079 721 imposita3
1129 687 1175 710 ex
1212 673 1378 712 lubidine

145 726 247 776 leges
264 727 514 775 imperantur:
544 725 631 762 cum
662 725 804 762 interim
833 739 897 762 vos
916 725 1056 775 legatos
1076 732 1113 764 et
1141 728 1289 764 decreta
1315 741 1380 777 pa-

143 780 244 817 ratis.
298 779 350 816 Et
387 777 539 830 quanto,
574 778 796 825 mehercule,
832 779 974 819 avidius
1008 794 1137 830 pacem
1182 781 1378 830 petieritis,

149 832 254 870 tanto
272 833 414 870 bellum
443 834 563 869 acrius
591 838 694 872 erat:
725 832 808 869 cum
836 833 1019 883 intelliget
1046 848 1085 871 se
1113 839 1213 870 metu
1241 833 1379 884 magis,

144 885 259 936 quam
286 900 394 937 aequo
424 891 460 924 et
493 887 605 932 bono,
641 891 898 924 sustentatum.
952 886 1051 923 Nam
1088 889 1150 937 qui
1186 889 1312 925 turbas
1341 894 1378 925 et

151 941 293 978 caedem
322 940 458 977 civium
486 940 607 977 odisse
637 940 701 985 ait,
731 945 768 976 et
796 941 842 977 ob
872 940 923 985 id,
955 945 1092 977 armato
1120 941 1277 990 Lepido,
1307 955 1376 978 vos

144 994 305 1031 inermes
334 994 489 1039 retinet3
518 1007 603 1043 quae
634 993 742 1030 victis
771 993 964 1030 toleranda
995 1000 1093 1038 sunt,
1127 1008 1184 1040 ea,
1209 994 1293 1030 curn
1324 995 1378 1031 fa-

148 1061 233 1084 cere
269 1047 435 1097 possitis,
471 1046 661 1096 patiamini
693 1046 817 1094 potius
849 1054 986 1084 censet.
1042 1048 1100 1084 Ita
1124 1047 1179 1084 illi
1210 1046 1233 1083 εὶ
1267 1048 1376 1085 vobis

146 1114 293 1150 pacem,
322 1101 429 1138 vobis
460 1101 506 1137 ab
536 1099 598 1136 illo
628 1099 784 1145 bellum,
818 1100 960 1137 suadet.
1017 1100 1113 1137 Haec
1145 1101 1175 1137 si
1202 1100 1376 1149 placent3

147 1155 179 1191 si
194 1159 297 1191 tanta
324 1154 479 1203 torpedo
498 1153 639 1190 animos
660 1153 859 1203 oppressit,
878 1159 931 1198 ut,
951 1153 1056 1190 obliti
1084 1153 1265 1191 scelerum
1294 1155 1378 1191 Cin-

146 1222 221 1254 nae,
240 1209 345 1259 cujus
371 1208 407 1243 in
428 1209 558 1244 urbem
577 1207 698 1244 reditu
727 1207 842 1243 decus
862 1212 973 1256 atque
999 1208 1145 1245 ordines
1171 1221 1298 1245 omnes
1323 1209 1378 1244 in-

146 1262 340 1307 terierunt,
374 1260 608 1298 nihilominus
640 1274 720 1305 VOS,
753 1266 864 1309 atque
913 1261 1104 1310 conjuges,
1153 1267 1189 1298 et
1226 1260 1376 1308 liberos,

147 1315 294 1364 Lepido
313 1314 528 1364 permissuri
546 1314 646 1351 sitis:
679 1313 769 1363 quid
797 1327 890 1362 opus
909 1314 1096 1350 decretis?
1124 1315 1214 1363 quid
1238 1314 1376 1352 auxilio

148 1368 301 1406 Catuli?
355 1367 452 1411 Quin
471 1369 501 1404 is
531 1372 568 1405 et
591 1367 652 1404 alii
678 1367 767 1404 boni
784 1367 1051 1416 rempublicam
1076 1367 1212 1404 frustra
1236 1373 1376 1405 curant.

147 1421 277 1472 Agite,
295 1420 349 1458 uti
378 1421 505 1459 lubet:
535 1426 664 1470 parata
692 1420 799 1457 vobis
829 1420 985 1470 Cethegi
1014 1426 1125 1470 atque
1155 1421 1226 1458 alia
1253 1421 1377 1470 prodi-

147 1482 268 1512 torum
295 1475 512 1525 patrocinia,
543 1474 607 1524 qui
636 1474 782 1523 rapinas
811 1479 848 1511 et
875 1474 1046 1510 incendia
1072 1475 1277 1511 instaurare
1309 1488 1374 1510 cu-

147 1529 268 1578 piunt,
288 1535 324 1566 et
353 1529 499 1565 rursum
517 1528 717 1565 advorsum
751 1527 841 1564 deos
873 1532 1026 1577 penates
1056 1542 1186 1564 manus
1219 1540 1376 1564 armare.

148 1583 213 1620 Sin
240 1583 391 1620 libertas
421 1588 457 1619 et
485 1582 583 1619 bella
602 1580 723 1631 magis
752 1580 921 1630 placent3
951 1581 1137 1618 decernite
1171 1581 1285 1631 digna
1311 1594 1377 1618 no-

147 1637 260 1682 mine,
294 1642 331 1673 et
364 1641 497 1686 augete
533 1635 723 1685 ingenium
761 1635 845 1671 viris
881 1634 1053 1671 fortibus.
1107 1635 1225 1672 Adest
1254 1648 1374 1671 novus

149 1690 347 1732 exercitus,
367 1698 415 1736 et,
434 1690 481 1726 ad
507 1690 592 1735 hoc,
621 1688 776 1725 coloniae
803 1693 970 1725 veterum
1001 1687 1170 1733 militum,
1199 1687 1373 1725 nobilitas

149 1744 281 1789 omnis,
318 1744 433 1780 duces
471 1742 631 1792 optumi:
674 1742 822 1778 fortuna
850 1741 1019 1777 meliores
1056 1742 1235 1790 sequitur.
1289 1741 1373 1777 Jam

146 1796 225 1841 illa,
245 1811 330 1846 quae
351 1796 507 1833 collecta
527 1801 626 1856 sunt,
645 1794 816 1832 socordia
833 1793 960 1832 nostra
975 1794 1193 1832 dilabentur.
1249 1794 1373 1838 Quare

147 1851 200 1887 ita
235 1864 394 1887 censeo:
426 1850 610 1900 quoniam
629 1848 797 1898 Lepidus
831 1848 1045 1891 exercitum,
1079 1848 1223 1897 privato
1256 1847 1375 1884 consi-

147 1903 198 1941 lio
219 1910 400 1954 paratum,
419 1917 502 1940 cum
521 1902 704 1952 pessumis
737 1908 774 1939 et
802 1902 971 1938 hostibus
1002 1901 1215 1951 reipublicae
1245 1905 1374 1937 contra

148 1957 258 2007 hujus
287 1958 426 1994 ordinis
463 1957 718 1993 auctoritatem
751 1955 798 1992 ad
833 1956 965 1992 urbem
1001 1955 1128 2000 ducit3
1156 1961 1197 1991 ut
1224 1953 1372 2002 Appius

150 2010 328 2048 Claudius
356 2012 529 2056 interrex,
558 2024 642 2047 cum
663 2008 712 2051 Q.
733 2009 867 2046 Catulo
896 2008 1132 2058 proconsule,
1151 2013 1187 2044 et
1213 2007 1373 2052 caeteris,

150 2065 286 2113 quibus
305 2064 498 2113 imperium
517 2068 584 2109 est,
603 2063 685 2099 urbi
713 2062 887 2112 praesidio
907 2062 1001 2109 sint;
1029 2074 1250 2111 operamque
1272 2059 1372 2105 dent,

149 2117 198 2155 ne
217 2117 306 2167 quid
324 2117 539 2167 respublica
557 2116 766 2153 detrimenti
784 2116 915 2165 capiat.

201 2223 267 2262 Uti
286 2223 452 2273 Lepidus
482 2229 519 2260 et
548 2222 700 2259 Catulus
721 2223 876 2259 decretis
896 2221 1119 2260 exercitibus
1148 2217 1372 2257 maturrume

149 2277 481 2329 proficiscerentur.
539 2276 724 2321 Carisius,
741 2276 805 2314 lib.
822 2276 872 2313 iii.

204 2330 261 2369 M.
293 2331 438 2380 Lepido
459 2344 543 2368 cum
563 2330 734 2367 omnibus
755 2330 871 2380 copiis
891 2328 1000 2366 Italia
1031 2328 1138 2378 pulso
1156 2342 1166 2375 3
1211 2326 1375 2377 segnior,
