1492 2531
416 30 517 67 BEL
524 27 635 66 LUM
671 28 693 64 J
697 25 1064 65 UGURTHINUM
1068 55 1075 63 ,
1319 25 1369 62 75

127 134 285 179 animus,
322 138 359 170 et
393 132 582 181 superbia,
618 144 813 167 commuue
843 129 1046 166 nobilitatis
1077 127 1225 164 malum.
1293 126 1366 163 Ita·

128 202 200 237 que
226 186 384 237 primum
412 192 617 222 commotus
646 182 796 220 insolita
824 197 878 228 re,
905 182 1029 219 mirari
1051 182 1130 230 ejus
1155 179 1363 223 consilium,

128 248 164 277 et
193 240 301 291 quasi
331 252 397 289 per
425 238 620 275 amicitiam
650 251 815 282 monere,
838 236 886 272 ne
927 242 999 272 tam
1029 249 1143 284 prava
1171 235 1365 282 inciperet,

127 307 200 331 neu
219 307 331 342 super
358 292 543 328 fortunam
562 291 724 328 animum
753 296 919 340 gereret:
951 303 1021 326 mm
1049 288 1171 324 onmia
1197 286 1367 323 omnibus

125 347 305 396 cupienda
333 359 431 382 esse:
462 346 597 382 debere
624 344 676 381 illi
697 358 755 380 res
785 357 870 380 suas
901 342 992 380 satis
1020 342 1188 391 placere:
1219 346 1364 389 postre-

125 398 200 443 ιῃὸ,
229 405 379 436 caveret
407 399 446 435 id
473 404 600 448 petere
631 397 654 434 ἰι
682 397 821 447 populo
854 397 1040 441 Romano,
1071 395 1172 445 quod
1200 394 1254 429 illi
1277 396 1360 443 jure

125 459 335 502 negaretur.
401 451 609 502 Postquam
637 452 718 488 haec
747 457 858 500 atque
887 450 960 486 alia
989 449 1075 486 talia
1105 448 1210 494 dixit,
1238 461 1360 496 neque

123 507 267 543 animus
300 505 412 542 Marii
440 506 621 551 flectitur3
656 504 862 554 respondit,
890 504 955 539 ubi
986 502 1147 552 prinlum
1177 501 1361 550 potuisset

123 572 192 607 per
228 559 380 609 negotia
411 559 575 608 publica,
611 559 794 595 facturum
828 571 924 602 sese,
960 570 1044 606 quae
1080 560 1236 604 peteret.
1302 553 1359 591 Ac

123 612 255 660 postea
285 613 425 662 saepius
454 613 583 649 eadem
611 610 816 660 postulanti
833 611 951 647 fertur
969 609 1119 653 dixisse,
1139 608 1186 644 ne
1205 607 1359 644 festina-

123 672 178 702 ret
207 666 330 712 abire3
366 664 458 702 satis
488 664 631 701 mature
662 665 765 701 illum
799 677 883 700 cum
916 663 992 700 filio
1022 677 1090 699 suo
1125 661 1359 699 consulatum

121 719 335 766 petiturum.
390 718 429 755 Is
449 733 493 756 eo
525 724 692 767 tempore
715 717 957 755 contubernio
984 717 1099 765 patris
1128 716 1268 752 ibidem
1296 715 1361 750 mi-

120 771 264 817 litabat,
291 785 407 809 annos
439 777 548 809 natus
577 772 724 808 circiter
748 784 830 807 xx.:
863 784 946 820 quae
975 784 1034 806 res
1063 768 1243 814 Marium,
1273 765 1358 804 cum

121 838 188 873 pro
217 826 372 872 honore,
400 840 511 875 quem
539 825 752 871 affectabat,
779 824 858 861 tum
892 830 1020 861 contra
1051 822 1266 867 Metellum,
1297 835 1359 857 ve-

119 877 312 916 hementer
344 879 577 916 accenderat.
636 878 696 915 lta
724 878 898 927 cupidine
931 884 1044 927 atque
1075 877 1144 921 ira,
1171 874 1357 924 pessumis

120 932 408 977 consultoribus,
444 933 625 982 grassari:
674 945 795 981 neque
832 932 930 968 facto
967 931 1057 976 ullo,
1088 943 1209 979 neque
1245 929 1357 973 dicto,

119 985 321 1032 abstinere,
349 987 452 1035 quod
477 984 590 1023 modo
619 985 855 1022 ambitiosum
886 985 1004 1021 foret:
1042 983 1192 1027 milites,
1221 982 1356 1031 quibus

117 1038 155 1074 in
173 1038 353 1088 hybernis
381 1045 551 1088 praeerat,
575 1039 715 1075 laxiore
734 1038 903 1087 imperio,
931 1038 1044 1087 quam
1067 1036 1177 1073 autea
1196 1035 1357 1074 habere:

119 1093 221 1140 apud
248 1093 512 1142 negotiatores,
545 1105 702 1142 quorum
728 1105 865 1141 magna
891 1091 1091 1128 multitudo
1118 1089 1239 1126 Uticae
1267 1094 1357 1133 erat,

119 1145 317 1182 criminose
345 1146 453 1182 simul
473 1152 509 1182 et
527 1143 721 1195 magnifice
743 1146 787 1181 de
808 1144 908 1182 bello
937 1144 1060 1194 loqui:
1092 1143 1243 1179 dimidia
1270 1156 1356 1191 pars

119 1199 306 1236 exercitus
327 1199 397 1235 sibi
424 1199 719 1248 permitteretur:
751 1199 883 1248 paucis
914 1198 1046 1235 diebus
1075 1197 1299 1246 {Iugurtham
1317 1197 1355 1233 in

118 1252 257 1288 catenis
290 1248 522 1289 habiturum:
560 1253 607 1288 ab
636 1252 860 1301 imperatore
894 1249 1067 1288 consulto
1099 1250 1208 1295 trahi,
1238 1248 1353 1299 quod,

118 1304 227 1341 homo
247 1305 379 1351 inanis,
404 1311 441 1342 et
470 1305 656 1355 superbiae
684 1305 810 1355 regiae,
839 1305 992 1354 imperio
1025 1303 1135 1341 nimis
1164 1305 1356 1353 gauderet.

117 1357 213 1401 Quae
246 1359 370 1395 omnia
404 1358 478 1396 illis
515 1357 559 1395 eo
592 1359 752 1395 firmiora
780 1359 1015 1403 videbantur,
1053 1355 1155 1408 quod
1173 1357 1355 1394 diuturni-

116 1416 192 1448 tate
225 1411 318 1448 belli
352 1426 411 1449 res
447 1411 638 1449 familiaris
675 1417 940 1460 corruperant:
973 1418 1010 1449 et
1029 1412 1151 1448 animo
1188 1411 1352 1459 cupienti

116 1464 206 1501 nihil
225 1464 316 1502 satis
351 1466 557 1503 festinatur.
614 1466 705 1502 Erat
741 1465 923 1515 praeterea
954 1466 992 1502 in
1025 1463 1191 1503 exercitu
1224 1470 1351 1501 nostro

119 1516 286 1555 Numida
318 1519 483 1569 quidam,
502 1519 649 1556 nomine
678 1519 828 1564 Gauda,
845 1517 1119 1556 Manastabalis
1139 1518 1251 1563 filius,
1271 1517 1352 1554 Ma-

115 1570 259 1608 sinissae
295 1587 424 1622 nepos,
444 1586 554 1621 quem
576 1571 742 1622 Micipsa
759 1577 983 1609 testamento
1002 1573 1186 1610 haeredem
1220 1585 1353 1608 secun-

116 1624 205 1661 dum
241 1626 454 1675 scripserat,
488 1627 628 1663 morbis
662 1627 870 1667 confectus,
908 1633 944 1663 et
990 1627 1037 1662 ob
1075 1641 1156 1663 eam
1200 1638 1351 1661 causam

114 1683 237 1715 mente
273 1679 467 1728 paululum
494 1679 698 1716 imminuta.
755 1680 824 1717 Cui
854 1679 1034 1717 Metellus
1073 1678 1228 1729 petenti,
1247 1692 1349 1715 more

114 1744 259 1780 regum,
298 1730 351 1768 uti
383 1732 511 1769 sellam
542 1733 650 1782 juxta
667 1739 836 1781 poneret,
871 1733 957 1769 item
993 1733 1137 1781 postea,
1168 1733 1349 1769 custodiae

114 1786 242 1830 causa,
261 1792 420 1822 turmam
449 1786 618 1835 equitum
653 1786 921 1829 Romanorum,
960 1794 1157 1836 utrumque
1190 1799 1351 1835 negave—

112 1844 190 1875 rat:
220 1839 411 1885 honorem,
447 1838 550 1889 quod
585 1853 713 1876 eorum
742 1838 853 1877 modo
898 1840 1005 1882 foret,
1043 1854 1137 1890 quos
1184 1839 1349 1889 populus

112 1892 306 1929 Romanus
342 1906 448 1942 reges
486 1893 775 1942 appellavisset3
819 1893 1047 1943 praesidium,
1080 1892 1182 1944 quod
1218 1899 1347 1929 contu-

112 1945 308 1982 meliosum
340 1947 378 1982 in
410 1960 474 1983 eos
507 1947 613 1989 foret,
651 1947 681 1982 si
701 1947 847 1996 equites
867 1947 1028 1983 Romani
1064 1948 1242 1984 satellites
1267 1946 1349 1983 Nu-

111 1999 221 2036 midae
276 2000 520 2036 traderentur.
592 2000 704 2036 Hunc
739 1999 887 2037 Marius
934 2001 1084 2037 anxium
1121 2001 1348 2051 aggreditur,

111 2057 223 2102 atque
265 2053 447 2096 hortatur,
485 2052 540 2090 uti
574 2053 882 2090 contumeliarum
914 2054 951 2090 in
986 2054 1246 2102 imperatorem
1262 2067 1347 2090 cum

112 2117 179 2142 suo
214 2106 352 2143 auxilio
372 2120 501 2155 poenas
537 2113 639 2156 petat
658 2122 665 2143 ε
696 2106 883 2145 hominem
902 2108 949 2143 ob
967 2109 1118 2144 morbos
1137 2108 1259 2144 animo
1280 2120 1346 2155 pa-

111 2159 193 2194 rum
220 2159 345 2197 valido
365 2160 530 2196 secunda
549 2160 714 2197 oratione
734 2161 902 2198 extollit:
931 2160 1035 2197 illum
1065 2176 1207 2211 regem,
1229 2161 1346 2197 virum

111 2211 314 2261 ingentem,
351 2212 565 2250 Masinissae
602 2219 777 2262 nepotem
796 2228 901 2252 esse:
949 2215 979 2251 si
1010 2214 1197 2264 «Iugurtha
1213 2220 1344 2263 captus

111 2271 175 2301 aut
211 2266 355 2303 occisus
387 2267 495 2314 foret,
530 2267 727 2317 imperium
753 2267 941 2305 Numidiae
973 2268 1051 2305 sine
1080 2269 1185 2305 mora
1202 2268 1346 2305 habitu-
