1492 2531
391 80 610 120 BELLUM
640 81 661 118 J
666 80 1033 120 UGURTHINUM
1037 111 1045 119 .
1284 81 1333 118 99

101 185 166 222 hoc
196 187 235 224 in
255 189 383 235 pectus
408 189 513 221 tuum
544 184 705 229 demitte,
738 198 942 235 numquam
969 183 1151 234 populum
1188 184 1334 220 Roma-

105 253 192 276 num
211 238 395 289 beneficiis
423 237 563 275 victum
583 252 669 275 esse.
725 238 841 282 Nam,
861 236 953 275 bello
983 238 1070 289 quid
1098 237 1236 283 valeat,
1256 243 1334 275 tute

102 294 185 329 scis.

156 347 215 383 Ad
243 359 286 382 ea
317 345 489 381 Bocchus
517 343 678 393 placide,
709 350 746 381 et
774 344 937 394 benigne
966 344 1089 388 simul,
1119 358 1239 394 pauca
1268 359 1335 394 pro

103 399 237 436 delicto
270 412 337 435 suo
369 400 483 435 verba
514 399 621 435 facit:
654 398 835 435 “Senon
864 399 989 435 hostili
1018 399 1155 444 animo,
1189 399 1254 434 sed
1287 400 1335 435 ob

102 465 255 502 regnum
287 452 506 497 tudandum,
539 465 640 488 arma
673 452 829 501 cepisse.
883 452 982 488 Nam
1026 451 1218 488 Numidiae
1254 465 1336 501 par-

102 511 191 549 tem,
217 506 315 542 unde
335 504 554 553 Jugurtham
586 505 792 554 expulerat,
819 506 903 555 jure
933 505 1021 542 belli
1053 519 1158 541 suam
1177 506 1335 543 factam:

102 573 183 595 eam
215 559 354 596 vastari
386 558 408 594 a
437 559 559 595 Mario
588 559 664 608 pati
695 559 918 608 nequivisse.
976 558 1180 602 Praeterea,
1213 559 1336 596 missis

103 611 214 648 anteit
243 613 400 649 Romam
432 611 580 661 legatis,
613 612 803 661 repulsum
839 614 886 649 ab
920 612 1091 649 amicitia.
1148 612 1337 649 Caeteriim

105 671 229 703 vetera
265 666 456 711 omittere3
484 679 526 702 ac
554 671 646 710 tum,
677 666 707 701 si
736 680 801 715 per
829 665 991 702 Marium
1024 665 1164 711 liceret,
1192 665 1338 716 legatos

104 720 152 755 ad
182 725 349 756 senatum
378 719 618 755 missurum,”
672 720 784 764 Dein,
813 718 921 767 copia
951 718 1061 762 facta,
1092 720 1237 755 animus
1258 721 1340 756 bar-

104 772 183 809 bari
210 773 257 808 ab
286 773 413 808 amicis
441 773 572 816 flexus,
602 786 697 822 quos
733 772 930 821 Jugurtha,
967 772 1119 822 cognita
1147 773 1335 823 legatione

103 825 219 862 Sullae
255 831 292 862 et
339 824 488 869 Manlii,
536 832 704 863 metuens
754 826 792 862 id
834 826 935 874 quod
982 827 1197 876 parabatur,
1234 827 1341 864 donis

105 885 330 928 corruperat.
387 878 533 916 Marius
580 878 732 925 interea,
784 879 948 916 exercitu
993 881 1030 916 in
1078 879 1341 930 hybernaoulis

105 933 324 981 composito,
355 946 440 969 cum
469 933 651 982 expeditis
688 932 903 969 cohortibus
936 938 973 970 et
1013 939 1116 982 parte
1147 934 1336 983 equitatus

105 986 350 1035 proficiscitur
387 987 423 1022 in
455 986 538 1023 loca
565 987 656 1032 sola,
694 987 890 1023 obsessum
923 987 1051 1023 turrim
1080 987 1236 1037 regiam,
1266 986 1342 1036 quo

103 1039 291 1089 Jugurtha
325 1041 504 1089 perfugas
542 1038 661 1076 omnis
695 1040 911 1089 praesidium
947 1040 1187 1090 imposuerat.
1242 1040 1338 1078 Tum

106 1093 234 1130 rursus
253 1093 448 1140 Bocchus3
477 1106 543 1130 seu
575 1093 781 1142 reputando
813 1107 897 1144 quae
917 1093 989 1130 sibi
1020 1093 1168 1130 duobus
1199 1094 1340 1142 proeliis
1381 1124 1386 1128 .

107 1152 329 1190 evenerant3
359 1161 424 1183 seu
444 1147 653 1183 admonitus
682 1146 730 1182 ab
750 1147 832 1183 aliis
861 1147 1003 1190 amieis,
1035 1160 1130 1195 quos
1148 1148 1340 1198 incorrup-

107 1205 164 1236 tos
197 1200 380 1250 Jugurtha
414 1200 630 1249 reliquerat3
673 1213 721 1236 ex
757 1200 857 1236 omni
897 1200 1006 1249 copi&u
1048 1201 1340 1238 necessariorum

107 1253 272 1302 quinque
311 1253 463 1303 delegit,
510 1267 669 1304 quorum
707 1259 744 1290 et
780 1254 872 1290 fides
909 1253 1073 1303 cognita,
1109 1261 1146 1291 et
1191 1254 1341 1304 ingenia

108 1306 346 1343 validissuma
381 1312 506 1344 erant:
537 1321 600 1343 eos
631 1307 678 1343 ad
708 1306 885 1353 Marium,
918 1320 960 1343 ac
991 1307 1090 1353 dein,
1121 1308 1150 1344 si
1182 1307 1340 1356 placeat,

108 1359 281 1405 Romam,
295 1360 440 1410 legatos
459 1360 511 1397 ire
537 1362 669 1411 jubet:
700 1361 930 1409 agendarum
948 1374 1086 1404 rerum,
1107 1366 1144 1397 et
1163 1374 1342 1409 quocum-

104 1426 182 1462 que
203 1414 315 1450 'modo
334 1414 421 1450 belli
441 1414 700 1463 componendi,
719 1413 906 1451 licentiam
926 1414 1017 1463 ipsis
1038 1414 1228 1463 permittit.
1283 1415 1343 1452 Illi

107 1466 251 1503 mature
271 1467 319 1503 ad
350 1467 519 1516 hyberna
546 1467 799 1504 Romanorum
826 1467 1123 1517 proficiscuntur.
1180 1468 1291 1515 Dein,
1320 1468 1342 1505 εὶ

110 1519 269 1557 Gaetulis
310 1520 516 1557 latronibus
560 1521 599 1557 in
647 1521 774 1557 itinere
823 1521 1064 1558 circumventi
1106 1521 1342 1572 spoliatique,

109 1574 247 1622 pavidi,
266 1575 344 1611 sine
374 1574 507 1611 decore
538 1575 586 1611 ad
615 1574 755 1611 Sullam
788 1574 1026 1624 profugiunt3
1057 1588 1168 1623 quem
1199 1576 1342 1622 consul,

109 1627 145 1662 in
193 1628 468 1675 expeditionem
506 1628 762 1678 proficiscenS‚
807 1642 875 1677 pro
922 1633 1082 1677 praetore
1128 1629 1342 1678 reliquerat.

110 1679 185 1716 Eos
216 1680 278 1716 ille
306 1694 380 1716 non
399 1694 467 1730 pro
498 1681 601 1718 vanis
629 1681 812 1725 hostibus,
831 1680 886 1718 uti
918 1682 1037 1718 meriti
1057 1687 1176 1725 erant,
1197 1683 1262 1718 sed
1283 1697 1344 1720 ac-

110 1732 238 1770 curate
274 1740 311 1770 et
341 1733 541 1771 liberaliter
575 1735 717 1772 habuit.
774 1734 862 1777 Quat
896 1749 934 1772 re
961 1736 1110 1772 barbari
1144 1741 1180 1772 et
1207 1735 1341 1773 famam

111 1787 364 1823 Romanorum
383 1789 543 1825 avaritiae
576 1788 720 1832 falsam,
739 1794 776 1824 et
804 1787 958 1834 Sullam,
978 1790 1025 1825 ob
1052 1789 1340 1827 munificentiam

111 1839 149 1876 in
179 1855 278 1882 sese,
307 1841 466 1877 amicum
503 1842 584 1879 rati.
640 1842 738 1879 Nam
772 1842 881 1878 etiam
918 1848 996 1879 tum
1030 1841 1178 1892 largitio
1214 1843 1342 1880 multis

111 1893 238 1943 ignota
263 1899 363 1931 erat:
393 1896 590 1932 munificus
618 1909 725 1932 nemo
755 1896 968 1944 putabatur,
1003 1895 1074 1932 nisi
1106 1897 1242 1945 pariter
1275 1911 1341 1932 vo-

111 1946 214 1984 lens:
261 1948 358 1984 dona
393 1949 515 1985 omnia
561 1949 597 1985 in
647 1949 874 1998 benignitate
925 1949 1167 1986 hebebantur.
1222 1950 1342 2000 Igitur

112 2001 289 2051 quaestori
325 2001 498 2038 mandata
528 2002 668 2039 Bocchi
694 2002 940 2051 patefaciunt:
972 2002 1080 2039 simul
1115 2004 1163 2039 ab
1200 2017 1243 2039 eo
1280 2018 1343 2053 pe-

113 2059 207 2098 tunt,
243 2060 284 2091 ut
316 2055 438 2091 fautor
479 2056 742 2105 consultorque
781 2056 850 2092 sibi
883 2056 1000 2092 adsit:
1040 2056 1181 2104 copias,
1217 2057 1340 2101 fidem,

114 2108 405 2157 magnitudinem
434 2109 533 2158 regis
559 2109 629 2155 sui,
649 2115 684 2146 et
710 2109 796 2155 alia,
815 2123 901 2159 quae
935 2115 997 2145 aut
1018 2109 1120 2146 utilia
1151 2116 1214 2147 aut
1233 2111 1343 2148 bene-

115 2160 276 2198 volentia
303 2175 384 2198 esse
417 2163 634 2208 credebant,
667 2163 830 2199 oratione
863 2162 1071 2200 extollunt:
1102 2163 1203 2208 dein,
1234 2163 1342 2201 Sulla

115 2213 239 2251 omnia
270 2214 452 2263 pollicito,
485 2215 598 2260 docti,
634 2229 709 2265 quo
745 2216 856 2253 modo
893 2216 994 2266 apud
1037 2216 1212 2261 Marium,
1253 2218 1341 2254 item

114 2267 216 2316 apud
235 2272 401 2304 senatum
418 2270 534 2306 verba
563 2270 739 2315 facerent,
757 2269 902 2306 circiter
932 2269 1011 2306 dies
1039 2281 1102 2306 XL.
1120 2270 1258 2307 ibidem
1279 2285 1342 2320 op-

115 2320 315 2370 periuntur.
368 2320 515 2360 Marius
557 2321 770 2374 postquam,
818 2323 968 2369 infecto,
1014 2321 1090 2376 quo
1135 2323 1343 2361 intenderat
