<?xml version="1.0" encoding="UTF-8"?>
<!DOCTYPE html PUBLIC "-//W3C//DTD XHTML 1.0 Transitional//EN"
    "http://www.w3.org/TR/xhtml1/DTD/xhtml1-transitional.dtd">
<html xmlns="http://www.w3.org/1999/xhtml" xml:lang="en" lang="en">
 <head>
  <title>
</title>
<meta http-equiv="Content-Type" content="text/html;charset=utf-8" />
  <meta name='ocr-system' content='tesseract 3.04.00' />
  <meta name='ocr-capabilities' content='ocr_page ocr_carea ocr_par ocr_line ocrx_word'/>
</head>
<body>
  <div class='ocr_page' id='page_1' title='image "./quaeextant00salluoft_0116.png"; bbox 0 0 1492 2531; ppageno 0'>
   <div class='ocr_carea' id='block_1_1' title="bbox 152 57 939 97">
    <p class='ocr_par' dir='ltr' id='par_1_1' title="bbox 152 57 939 97">
     <span class='ocr_line' id='line_1_1' title="bbox 152 57 939 97; baseline 0.004 -3"><span class='ocrx_word' id='word_1_1' title='bbox 152 57 203 94; x_wconf 80' lang='lat'>94</span> <span class='ocrx_word' id='word_1_2' title='bbox 662 58 939 97; x_wconf 82' lang='lat' dir='ltr'>SALLUSTH</span> 
     </span>
    </p>
   </div>
   <div class='ocr_carea' id='block_1_2' title="bbox 140 161 1394 2344">
    <p class='ocr_par' dir='ltr' id='par_1_2' title="bbox 148 161 1394 265">
     <span class='ocr_line' id='line_1_2' title="bbox 148 161 1394 211; baseline 0.002 -14"><span class='ocrx_word' id='word_1_3' title='bbox 148 173 269 210; x_wconf 86' lang='lat' dir='ltr'>neque</span> <span class='ocrx_word' id='word_1_4' title='bbox 290 173 515 211; x_wconf 83' lang='lat' dir='ltr'>quemquam</span> <span class='ocrx_word' id='word_1_5' title='bbox 545 161 709 197; x_wconf 89' lang='lat' dir='ltr'>omnium</span> <span class='ocrx_word' id='word_1_6' title='bbox 742 163 870 211; x_wconf 67' lang='lat' dir='ltr'>praeda</span> <span class='ocrx_word' id='word_1_7' title='bbox 901 163 1046 199; x_wconf 87' lang='lat' dir='ltr'>morari.</span> <span class='ocrx_word' id='word_1_8' title='bbox 1098 162 1159 198; x_wconf 81' lang='lat' dir='ltr'>Sic</span> <span class='ocrx_word' id='word_1_9' title='bbox 1190 161 1285 199; x_wconf 63' lang='lat' dir='ltr'>sorte</span> <span class='ocrx_word' id='word_1_10' title='bbox 1315 177 1394 201; x_wconf 84' lang='lat' dir='ltr'>cor—</span> 
     </span>
     <span class='ocr_line' id='line_1_3' title="bbox 152 213 1131 265; baseline 0.001 -14"><span class='ocrx_word' id='word_1_11' title='bbox 152 219 255 251; x_wconf 85' lang='lat' dir='ltr'>recta</span> <span class='ocrx_word' id='word_1_12' title='bbox 276 213 387 249; x_wconf 85' lang='lat' dir='ltr'>Marii</span> <span class='ocrx_word' id='word_1_13' title='bbox 408 214 592 250; x_wconf 76' lang='lat' dir='ltr'>temeritas</span> <span class='ocrx_word' id='word_1_14' title='bbox 613 214 768 264; x_wconf 76' lang='lat' dir='ltr'>gloriam</span> <span class='ocrx_word' id='word_1_15' title='bbox 785 230 830 252; x_wconf 86' lang='lat' dir='ltr'>ex</span> <span class='ocrx_word' id='word_1_16' title='bbox 850 215 961 265; x_wconf 69' lang='lat' dir='ltr'>culpa</span> <span class='ocrx_word' id='word_1_17' title='bbox 979 216 1131 252; x_wconf 87' lang='lat' dir='ltr'>invenit.</span> 
     </span>
    </p>

    <p class='ocr_par' dir='ltr' id='par_1_3' title="bbox 140 266 1393 2078">
     <span class='ocr_line' id='line_1_4' title="bbox 203 266 1392 319; baseline 0.003 -17"><span class='ocrx_word' id='word_1_18' title='bbox 203 266 403 309; x_wconf 72' lang='lat' dir='ltr'>Caeterfnn,</span> <span class='ocrx_word' id='word_1_19' title='bbox 435 268 522 303; x_wconf 89' lang='lat' dir='ltr'>dum</span> <span class='ocrx_word' id='word_1_20' title='bbox 542 281 586 303; x_wconf 88' lang='lat' dir='ltr'>ea</span> <span class='ocrx_word' id='word_1_21' title='bbox 617 282 676 304; x_wconf 90' lang='lat' dir='ltr'>res</span> <span class='ocrx_word' id='word_1_22' title='bbox 706 269 859 317; x_wconf 79' lang='lat' dir='ltr'>geritur,</span> <span class='ocrx_word' id='word_1_23' title='bbox 889 269 933 305; x_wconf 89' lang='lat' dir='ltr'>L.</span> <span class='ocrx_word' id='word_1_24' title='bbox 961 269 1077 313; x_wconf 82' lang='lat' dir='ltr'>Sulla,</span> <span class='ocrx_word' id='word_1_25' title='bbox 1108 274 1282 319; x_wconf 82' lang='lat' dir='ltr'>quaestor,</span> <span class='ocrx_word' id='word_1_26' title='bbox 1308 283 1392 306; x_wconf 89' lang='lat' dir='ltr'>cum</span> 
     </span>
     <span class='ocr_line' id='line_1_5' title="bbox 147 320 1393 372; baseline 0.002 -15"><span class='ocrx_word' id='word_1_27' title='bbox 147 334 284 371; x_wconf 86' lang='lat' dir='ltr'>magno</span> <span class='ocrx_word' id='word_1_28' title='bbox 304 320 469 370; x_wconf 86' lang='lat' dir='ltr'>equitatu</span> <span class='ocrx_word' id='word_1_29' title='bbox 488 321 524 356; x_wconf 90' lang='lat' dir='ltr'>in</span> <span class='ocrx_word' id='word_1_30' title='bbox 556 326 678 357; x_wconf 86' lang='lat' dir='ltr'>castra</span> <span class='ocrx_word' id='word_1_31' title='bbox 704 322 824 368; x_wconf 81' lang='lat' dir='ltr'>venit3</span> <span class='ocrx_word' id='word_1_32' title='bbox 870 335 962 372; x_wconf 88' lang='lat' dir='ltr'>quos</span> <span class='ocrx_word' id='word_1_33' title='bbox 998 321 1053 358; x_wconf 77' lang='lat' dir='ltr'>uti</span> <span class='ocrx_word' id='word_1_34' title='bbox 1087 336 1132 358; x_wconf 86' lang='lat' dir='ltr'>ex</span> <span class='ocrx_word' id='word_1_35' title='bbox 1160 322 1268 359; x_wconf 87' lang='lat' dir='ltr'>Latio</span> <span class='ocrx_word' id='word_1_36' title='bbox 1301 329 1338 359; x_wconf 91' lang='lat' dir='ltr'>et</span> <span class='ocrx_word' id='word_1_37' title='bbox 1369 322 1393 360; x_wconf 70' lang='grc' dir='ltr'>εὶ</span> 
     </span>
     <span class='ocr_line' id='line_1_6' title="bbox 147 374 1392 425; baseline 0.003 -16"><span class='ocrx_word' id='word_1_38' title='bbox 147 375 258 411; x_wconf 89' lang='lat' dir='ltr'>sociis</span> <span class='ocrx_word' id='word_1_39' title='bbox 298 379 461 423; x_wconf 79' lang='lat' dir='ltr'>cogeret,</span> <span class='ocrx_word' id='word_1_40' title='bbox 491 374 623 410; x_wconf 83' lang='lat' dir='ltr'>Romae</span> <span class='ocrx_word' id='word_1_41' title='bbox 660 375 807 411; x_wconf 85' lang='lat' dir='ltr'>relictus</span> <span class='ocrx_word' id='word_1_42' title='bbox 843 381 932 411; x_wconf 89' lang='lat' dir='ltr'>erat.</span> <span class='ocrx_word' id='word_1_43' title='bbox 1006 374 1083 412; x_wconf 87' lang='lat' dir='ltr'>Sed</span> <span class='ocrx_word' id='word_1_44' title='bbox 1113 376 1289 425; x_wconf 87' lang='lat' dir='ltr'>quoniam</span> <span class='ocrx_word' id='word_1_45' title='bbox 1324 390 1392 413; x_wconf 87' lang='lat' dir='ltr'>nos</span> 
     </span>
     <span class='ocr_line' id='line_1_7' title="bbox 147 427 1392 471; baseline 0.002 -7"><span class='ocrx_word' id='word_1_46' title='bbox 147 428 241 464; x_wconf 87' lang='lat' dir='ltr'>tanti</span> <span class='ocrx_word' id='word_1_47' title='bbox 283 427 350 463; x_wconf 84' lang='lat' dir='ltr'>viri</span> <span class='ocrx_word' id='word_1_48' title='bbox 385 441 444 463; x_wconf 88' lang='lat' dir='ltr'>res</span> <span class='ocrx_word' id='word_1_49' title='bbox 477 427 682 471; x_wconf 81' lang='lat' dir='ltr'><strong>admonuit,</strong></span> <span class='ocrx_word' id='word_1_50' title='bbox 718 428 894 465; x_wconf 88' lang='lat' dir='ltr'>idoneum</span> <span class='ocrx_word' id='word_1_51' title='bbox 931 428 1051 464; x_wconf 87' lang='lat' dir='ltr'>visum</span> <span class='ocrx_word' id='word_1_52' title='bbox 1083 434 1141 465; x_wconf 88' lang='lat' dir='ltr'>est</span> <span class='ocrx_word' id='word_1_53' title='bbox 1177 429 1223 466; x_wconf 91' lang='lat' dir='ltr'>de</span> <span class='ocrx_word' id='word_1_54' title='bbox 1260 430 1392 466; x_wconf 66' lang='lat' dir='ltr'>natura</span> 
     </span>
     <span class='ocr_line' id='line_1_8' title="bbox 148 480 1390 531; baseline 0.002 -15"><span class='ocrx_word' id='word_1_55' title='bbox 148 480 324 530; x_wconf 86' lang='lat' dir='ltr'>cultuque</span> <span class='ocrx_word' id='word_1_56' title='bbox 362 481 440 529; x_wconf 85' lang='lat' dir='ltr'>ejus</span> <span class='ocrx_word' id='word_1_57' title='bbox 476 480 606 529; x_wconf 84' lang='lat' dir='ltr'>paucis</span> <span class='ocrx_word' id='word_1_58' title='bbox 639 481 773 517; x_wconf 82' lang='lat' dir='ltr'>dicere.</span> <span class='ocrx_word' id='word_1_59' title='bbox 847 481 981 531; x_wconf 83' lang='lat' dir='ltr'>Neque</span> <span class='ocrx_word' id='word_1_60' title='bbox 1012 481 1110 517; x_wconf 83' lang='lat' dir='ltr'>enim</span> <span class='ocrx_word' id='word_1_61' title='bbox 1128 481 1199 518; x_wconf 90' lang='lat' dir='ltr'>alio</span> <span class='ocrx_word' id='word_1_62' title='bbox 1227 481 1312 518; x_wconf 83' lang='lat' dir='ltr'>loco</span> <span class='ocrx_word' id='word_1_63' title='bbox 1344 483 1390 519; x_wconf 86' lang='lat' dir='ltr'>de</span> 
     </span>
     <span class='ocr_line' id='line_1_9' title="bbox 148 533 1392 583; baseline 0.002 -14"><span class='ocrx_word' id='word_1_64' title='bbox 148 533 262 570; x_wconf 78' lang='lat' dir='ltr'>Sullae</span> <span class='ocrx_word' id='word_1_65' title='bbox 298 534 409 570; x_wconf 84' lang='lat' dir='ltr'>rebus</span> <span class='ocrx_word' id='word_1_66' title='bbox 446 534 579 570; x_wconf 86' lang='lat' dir='ltr'>dicturi</span> <span class='ocrx_word' id='word_1_67' title='bbox 616 548 764 571; x_wconf 87' lang='lat' dir='ltr'>sumus:</span> <span class='ocrx_word' id='word_1_68' title='bbox 815 539 851 571; x_wconf 85' lang='lat' dir='ltr'>et</span> <span class='ocrx_word' id='word_1_69' title='bbox 883 534 926 571; x_wconf 93' lang='lat' dir='ltr'>L.</span> <span class='ocrx_word' id='word_1_70' title='bbox 958 534 1128 578; x_wconf 85' lang='lat' dir='ltr'>Sisenna,</span> <span class='ocrx_word' id='word_1_71' title='bbox 1165 534 1315 583; x_wconf 78' lang='lat' dir='ltr'>optume</span> <span class='ocrx_word' id='word_1_72' title='bbox 1355 542 1392 572; x_wconf 87' lang='lat' dir='ltr'>et</span> 
     </span>
     <span class='ocr_line' id='line_1_10' title="bbox 147 586 1390 637; baseline 0.002 -15"><span class='ocrx_word' id='word_1_73' title='bbox 147 586 443 636; x_wconf 62' lang='lat' dir='ltr'>diligentissume</span> <span class='ocrx_word' id='word_1_74' title='bbox 492 588 655 623; x_wconf 87' lang='lat' dir='ltr'>omnium</span> <span class='ocrx_word' id='word_1_75' title='bbox 690 588 753 637; x_wconf 93' lang='lat' dir='ltr'>qui</span> <span class='ocrx_word' id='word_1_76' title='bbox 794 601 839 624; x_wconf 91' lang='lat' dir='ltr'>ea</span> <span class='ocrx_word' id='word_1_77' title='bbox 876 601 934 624; x_wconf 90' lang='lat' dir='ltr'>res</span> <span class='ocrx_word' id='word_1_78' title='bbox 980 587 1121 633; x_wconf 65' lang='lat' dir='ltr'>dixere,</span> <span class='ocrx_word' id='word_1_79' title='bbox 1159 594 1390 636; x_wconf 86' lang='lat' dir='ltr'>persecutus,</span> 
     </span>
     <span class='ocr_line' id='line_1_11' title="bbox 147 640 1390 690; baseline 0.002 -14"><span class='ocrx_word' id='word_1_80' title='bbox 147 640 279 689; x_wconf 75' lang='lat' dir='ltr'>parum</span> <span class='ocrx_word' id='word_1_81' title='bbox 314 640 402 676; x_wconf 89' lang='lat' dir='ltr'>mihi</span> <span class='ocrx_word' id='word_1_82' title='bbox 434 640 553 677; x_wconf 88' lang='lat' dir='ltr'>libero</span> <span class='ocrx_word' id='word_1_83' title='bbox 590 655 652 677; x_wconf 84' lang='lat' dir='ltr'>ore</span> <span class='ocrx_word' id='word_1_84' title='bbox 688 641 835 677; x_wconf 85' lang='lat' dir='ltr'>locutus</span> <span class='ocrx_word' id='word_1_85' title='bbox 854 641 1012 678; x_wconf 85' lang='lat' dir='ltr'>videtur.</span> <span class='ocrx_word' id='word_1_86' title='bbox 1101 641 1242 690; x_wconf 79' lang='lat' dir='ltr'>Igitur3</span> <span class='ocrx_word' id='word_1_87' title='bbox 1287 640 1390 678; x_wconf 86' lang='lat' dir='ltr'>Sulla</span> 
     </span>
     <span class='ocr_line' id='line_1_12' title="bbox 146 693 1388 744; baseline 0.001 -14"><span class='ocrx_word' id='word_1_88' title='bbox 146 695 269 743; x_wconf 86' lang='lat' dir='ltr'>gentis</span> <span class='ocrx_word' id='word_1_89' title='bbox 305 694 469 741; x_wconf 84' lang='lat' dir='ltr'>patriciae</span> <span class='ocrx_word' id='word_1_90' title='bbox 498 694 633 731; x_wconf 87' lang='lat' dir='ltr'>nobilis</span> <span class='ocrx_word' id='word_1_91' title='bbox 666 694 749 739; x_wconf 80' lang='lat' dir='ltr'>fuit,</span> <span class='ocrx_word' id='word_1_92' title='bbox 776 694 912 731; x_wconf 86' lang='lat' dir='ltr'>familia</span> <span class='ocrx_word' id='word_1_93' title='bbox 941 693 1057 743; x_wconf 74' lang='lat' dir='ltr'>prope</span> <span class='ocrx_word' id='word_1_94' title='bbox 1085 695 1164 744; x_wconf 87' lang='lat' dir='ltr'>jam</span> <span class='ocrx_word' id='word_1_95' title='bbox 1192 694 1388 741; x_wconf 69' lang='lat' dir='ltr'>exstincta,</span> 
     </span>
     <span class='ocr_line' id='line_1_13' title="bbox 146 747 1392 798; baseline 0.002 -16"><span class='ocrx_word' id='word_1_96' title='bbox 146 748 328 797; x_wconf 84' lang='lat' dir='ltr'>majorum</span> <span class='ocrx_word' id='word_1_97' title='bbox 364 747 537 797; x_wconf 69' lang='lat' dir='ltr'>ignavia3</span> <span class='ocrx_word' id='word_1_98' title='bbox 582 747 715 784; x_wconf 90' lang='lat' dir='ltr'>litteris</span> <span class='ocrx_word' id='word_1_99' title='bbox 746 747 904 792; x_wconf 71' lang='lat' dir='ltr'>Graecis,</span> <span class='ocrx_word' id='word_1_100' title='bbox 936 753 1048 798; x_wconf 89' lang='lat' dir='ltr'>atque</span> <span class='ocrx_word' id='word_1_101' title='bbox 1086 747 1230 784; x_wconf 84' lang='lat' dir='ltr'>Latinis</span> <span class='ocrx_word' id='word_1_102' title='bbox 1268 747 1392 798; x_wconf 64' lang='lat' dir='ltr'>juxta,</span> 
     </span>
     <span class='ocr_line' id='line_1_14' title="bbox 144 799 1393 852; baseline 0.001 -16"><span class='ocrx_word' id='word_1_103' title='bbox 144 806 258 852; x_wconf 87' lang='lat' dir='ltr'>atque</span> <span class='ocrx_word' id='word_1_104' title='bbox 290 799 518 838; x_wconf 77' lang='lat' dir='ltr'>doctissume</span> <span class='ocrx_word' id='word_1_105' title='bbox 544 801 734 837; x_wconf 85' lang='lat' dir='ltr'>eruditus:</span> <span class='ocrx_word' id='word_1_106' title='bbox 778 802 901 837; x_wconf 91' lang='lat' dir='ltr'>animo</span> <span class='ocrx_word' id='word_1_107' title='bbox 929 801 1093 851; x_wconf 79' lang='lat' dir='ltr'>ingenti3</span> <span class='ocrx_word' id='word_1_108' title='bbox 1140 801 1298 849; x_wconf 83' lang='lat' dir='ltr'>cupidus</span> <span class='ocrx_word' id='word_1_109' title='bbox 1330 815 1393 838; x_wconf 87' lang='lat' dir='ltr'>vo-</span> 
     </span>
     <span class='ocr_line' id='line_1_15' title="bbox 145 853 1392 903; baseline 0.001 -13"><span class='ocrx_word' id='word_1_110' title='bbox 145 853 343 903; x_wconf 86' lang='lat' dir='ltr'>luptatum,</span> <span class='ocrx_word' id='word_1_111' title='bbox 369 855 436 890; x_wconf 85' lang='lat' dir='ltr'>sed</span> <span class='ocrx_word' id='word_1_112' title='bbox 465 854 593 903; x_wconf 79' lang='lat' dir='ltr'>gloriae</span> <span class='ocrx_word' id='word_1_113' title='bbox 617 854 810 903; x_wconf 86' lang='lat' dir='ltr'>cupidior:</span> <span class='ocrx_word' id='word_1_114' title='bbox 860 855 933 891; x_wconf 90' lang='lat' dir='ltr'>otio</span> <span class='ocrx_word' id='word_1_115' title='bbox 968 854 1160 891; x_wconf 82' lang='lat' dir='ltr'>luxurioso</span> <span class='ocrx_word' id='word_1_116' title='bbox 1189 868 1298 900; x_wconf 80' lang='lat' dir='ltr'>esse3</span> <span class='ocrx_word' id='word_1_117' title='bbox 1337 860 1392 891; x_wconf 87' lang='lat' dir='ltr'>ta-</span> 
     </span>
     <span class='ocr_line' id='line_1_16' title="bbox 145 907 1387 958; baseline 0 -14"><span class='ocrx_word' id='word_1_118' title='bbox 145 921 230 944; x_wconf 90' lang='lat' dir='ltr'>men</span> <span class='ocrx_word' id='word_1_119' title='bbox 255 908 303 944; x_wconf 89' lang='lat' dir='ltr'>ab</span> <span class='ocrx_word' id='word_1_120' title='bbox 328 908 485 957; x_wconf 83' lang='lat' dir='ltr'>negotiis</span> <span class='ocrx_word' id='word_1_121' title='bbox 513 921 715 958; x_wconf 82' lang='lat' dir='ltr'>numquam</span> <span class='ocrx_word' id='word_1_122' title='bbox 752 907 924 957; x_wconf 85' lang='lat' dir='ltr'>voluptas</span> <span class='ocrx_word' id='word_1_123' title='bbox 958 913 1153 951; x_wconf 85' lang='lat' dir='ltr'>remorata,</span> <span class='ocrx_word' id='word_1_124' title='bbox 1182 908 1253 944; x_wconf 92' lang='lat' dir='ltr'>nisi</span> <span class='ocrx_word' id='word_1_125' title='bbox 1286 909 1387 957; x_wconf 91' lang='lat' dir='ltr'>quod</span> 
     </span>
     <span class='ocr_line' id='line_1_17' title="bbox 146 961 1389 1010; baseline 0.001 -13"><span class='ocrx_word' id='word_1_126' title='bbox 146 961 191 998; x_wconf 92' lang='lat' dir='ltr'>de</span> <span class='ocrx_word' id='word_1_127' title='bbox 235 975 351 998; x_wconf 79' lang='lat' dir='ltr'>uxore</span> <span class='ocrx_word' id='word_1_128' title='bbox 389 965 509 1010; x_wconf 87' lang='lat' dir='ltr'>potuit</span> <span class='ocrx_word' id='word_1_129' title='bbox 540 961 732 998; x_wconf 75' lang='lat' dir='ltr'>honestius</span> <span class='ocrx_word' id='word_1_130' title='bbox 769 961 931 998; x_wconf 90' lang='lat' dir='ltr'>consuli:</span> <span class='ocrx_word' id='word_1_131' title='bbox 988 961 1183 1003; x_wconf 76' lang='lat' dir='ltr'>facundus,</span> <span class='ocrx_word' id='word_1_132' title='bbox 1220 961 1389 1005; x_wconf 79' lang='lat' dir='ltr'>callidus,</span> 
     </span>
     <span class='ocr_line' id='line_1_18' title="bbox 145 1014 1391 1063; baseline 0 -13"><span class='ocrx_word' id='word_1_133' title='bbox 145 1019 181 1050; x_wconf 87' lang='lat' dir='ltr'>et</span> <span class='ocrx_word' id='word_1_134' title='bbox 216 1015 379 1051; x_wconf 69' lang='lat' dir='ltr'>amicitia</span> <span class='ocrx_word' id='word_1_135' title='bbox 421 1014 563 1051; x_wconf 86' lang='lat' dir='ltr'>facilis:</span> <span class='ocrx_word' id='word_1_136' title='bbox 613 1016 659 1050; x_wconf 90' lang='lat' dir='ltr'>ad</span> <span class='ocrx_word' id='word_1_137' title='bbox 705 1014 916 1051; x_wconf 90' lang='lat' dir='ltr'>simulanda</span> <span class='ocrx_word' id='word_1_138' title='bbox 949 1014 1099 1063; x_wconf 82' lang='lat' dir='ltr'>negotia</span> <span class='ocrx_word' id='word_1_139' title='bbox 1142 1014 1297 1051; x_wconf 78' lang='lat' dir='ltr'>altitudo</span> <span class='ocrx_word' id='word_1_140' title='bbox 1339 1014 1391 1051; x_wconf 88' lang='lat' dir='ltr'>in-</span> 
     </span>
     <span class='ocr_line' id='line_1_19' title="bbox 145 1066 1391 1118; baseline -0.001 -13"><span class='ocrx_word' id='word_1_141' title='bbox 145 1068 248 1118; x_wconf 83' lang='lat' dir='ltr'>genii</span> <span class='ocrx_word' id='word_1_142' title='bbox 266 1067 521 1113; x_wconf 84' lang='lat' dir='ltr'>incredibilis;</span> <span class='ocrx_word' id='word_1_143' title='bbox 549 1068 747 1104; x_wconf 88' lang='lat' dir='ltr'>multarum</span> <span class='ocrx_word' id='word_1_144' title='bbox 766 1081 901 1112; x_wconf 84' lang='lat' dir='ltr'>rerum,</span> <span class='ocrx_word' id='word_1_145' title='bbox 931 1080 973 1103; x_wconf 87' lang='lat' dir='ltr'>ac</span> <span class='ocrx_word' id='word_1_146' title='bbox 1001 1066 1177 1103; x_wconf 72' lang='lat' dir='ltr'>maxume</span> <span class='ocrx_word' id='word_1_147' title='bbox 1208 1068 1391 1117; x_wconf 66' lang='lat' dir='ltr'>pecuniae,</span> 
     </span>
     <span class='ocr_line' id='line_1_20' title="bbox 144 1120 1393 1171; baseline -0.001 -13"><span class='ocrx_word' id='word_1_148' title='bbox 144 1121 300 1171; x_wconf 84' lang='lat' dir='ltr'>largitor</span> <span class='ocrx_word' id='word_1_149' title='bbox 319 1136 328 1167; x_wconf 82' lang='lat'><em>3</em></span> <span class='ocrx_word' id='word_1_150' title='bbox 374 1127 486 1170; x_wconf 89' lang='lat' dir='ltr'>atque</span> <span class='ocrx_word' id='word_1_151' title='bbox 519 1121 584 1167; x_wconf 81' lang='lat' dir='ltr'>illi,</span> <span class='ocrx_word' id='word_1_152' title='bbox 602 1121 831 1158; x_wconf 85' lang='lat' dir='ltr'>felicissumo</span> <span class='ocrx_word' id='word_1_153' title='bbox 852 1120 1015 1156; x_wconf 87' lang='lat' dir='ltr'>omnium</span> <span class='ocrx_word' id='word_1_154' title='bbox 1034 1125 1118 1156; x_wconf 87' lang='lat' dir='ltr'>ante</span> <span class='ocrx_word' id='word_1_155' title='bbox 1148 1120 1294 1157; x_wconf 87' lang='lat' dir='ltr'>civilem</span> <span class='ocrx_word' id='word_1_156' title='bbox 1313 1122 1393 1157; x_wconf 89' lang='lat' dir='ltr'>vic-</span> 
     </span>
     <span class='ocr_line' id='line_1_21' title="bbox 143 1174 1391 1224; baseline 0 -14"><span class='ocrx_word' id='word_1_157' title='bbox 143 1175 290 1219; x_wconf 83' lang='lat' dir='ltr'>toriam,</span> <span class='ocrx_word' id='word_1_158' title='bbox 326 1188 527 1224; x_wconf 83' lang='lat' dir='ltr'>numquam</span> <span class='ocrx_word' id='word_1_159' title='bbox 557 1188 670 1223; x_wconf 88' lang='lat' dir='ltr'>super</span> <span class='ocrx_word' id='word_1_160' title='bbox 704 1175 924 1211; x_wconf 77' lang='lat' dir='ltr'>industriam</span> <span class='ocrx_word' id='word_1_161' title='bbox 959 1174 1108 1211; x_wconf 80' lang='lat' dir='ltr'>fortuna</span> <span class='ocrx_word' id='word_1_162' title='bbox 1148 1174 1241 1210; x_wconf 83' lang='lat' dir='ltr'>fuit:</span> <span class='ocrx_word' id='word_1_163' title='bbox 1295 1174 1391 1210; x_wconf 84' lang='lat' dir='ltr'>mul-</span> 
     </span>
     <span class='ocr_line' id='line_1_22' title="bbox 144 1226 1392 1279; baseline -0.001 -15"><span class='ocrx_word' id='word_1_164' title='bbox 144 1228 246 1279; x_wconf 84' lang='lat' dir='ltr'>tique</span> <span class='ocrx_word' id='word_1_165' title='bbox 267 1228 499 1268; x_wconf 67' lang='lat' dir='ltr'>dubitavere,</span> <span class='ocrx_word' id='word_1_166' title='bbox 528 1228 671 1271; x_wconf 80' lang='lat' dir='ltr'>fortior,</span> <span class='ocrx_word' id='word_1_167' title='bbox 699 1241 744 1263; x_wconf 81' lang='lat' dir='ltr'>an</span> <span class='ocrx_word' id='word_1_168' title='bbox 776 1227 918 1264; x_wconf 86' lang='lat' dir='ltr'>felicior</span> <span class='ocrx_word' id='word_1_169' title='bbox 952 1232 1062 1264; x_wconf 85' lang='lat' dir='ltr'>esset.</span> <span class='ocrx_word' id='word_1_170' title='bbox 1118 1226 1233 1272; x_wconf 81' lang='lat' dir='ltr'>Nam,</span> <span class='ocrx_word' id='word_1_171' title='bbox 1263 1226 1392 1276; x_wconf 64' lang='lat' dir='ltr'>postea.</span> 
     </span>
     <span class='ocr_line' id='line_1_23' title="bbox 144 1279 1391 1332; baseline -0.002 -13"><span class='ocrx_word' id='word_1_172' title='bbox 144 1295 230 1332; x_wconf 84' lang='lat' dir='ltr'>quae</span> <span class='ocrx_word' id='word_1_173' title='bbox 275 1282 418 1326; x_wconf 69' lang='lat' dir='ltr'>feeerit,</span> <span class='ocrx_word' id='word_1_174' title='bbox 458 1281 639 1317; x_wconf 83' lang='lat' dir='ltr'>incertum</span> <span class='ocrx_word' id='word_1_175' title='bbox 665 1281 800 1326; x_wconf 80' lang='lat' dir='ltr'>habeo,</span> <span class='ocrx_word' id='word_1_176' title='bbox 837 1281 978 1331; x_wconf 86' lang='lat' dir='ltr'>pudeat</span> <span class='ocrx_word' id='word_1_177' title='bbox 1010 1279 1145 1330; x_wconf 77' lang='lat' dir='ltr'>magis,</span> <span class='ocrx_word' id='word_1_178' title='bbox 1182 1294 1226 1316; x_wconf 88' lang='lat' dir='ltr'>an</span> <span class='ocrx_word' id='word_1_179' title='bbox 1263 1281 1391 1330; x_wconf 83' lang='lat' dir='ltr'>pigeat</span> 
     </span>
     <span class='ocr_line' id='line_1_24' title="bbox 144 1333 1387 1384; baseline -0.002 -12"><span class='ocrx_word' id='word_1_180' title='bbox 144 1336 341 1372; x_wconf 77' lang='lat' dir='ltr'>disserere.</span> <span class='ocrx_word' id='word_1_181' title='bbox 397 1335 515 1384; x_wconf 82' lang='lat' dir='ltr'>Igitur</span> <span class='ocrx_word' id='word_1_182' title='bbox 537 1334 655 1380; x_wconf 79' lang='lat' dir='ltr'>Sulla,</span> <span class='ocrx_word' id='word_1_183' title='bbox 686 1334 739 1371; x_wconf 78' lang='lat' dir='ltr'>uti</span> <span class='ocrx_word' id='word_1_184' title='bbox 769 1333 884 1383; x_wconf 65' lang='lat' dir='ltr'>supra</span> <span class='ocrx_word' id='word_1_185' title='bbox 911 1334 1051 1370; x_wconf 88' lang='lat' dir='ltr'>dictum</span> <span class='ocrx_word' id='word_1_186' title='bbox 1088 1341 1158 1379; x_wconf 86' lang='lat' dir='ltr'>est,</span> <span class='ocrx_word' id='word_1_187' title='bbox 1183 1333 1387 1384; x_wconf 60' lang='lat' dir='ltr'>postquam</span> 
     </span>
     <span class='ocr_line' id='line_1_25' title="bbox 141 1387 1392 1439; baseline -0.001 -15"><span class='ocrx_word' id='word_1_188' title='bbox 141 1388 180 1425; x_wconf 91' lang='lat' dir='ltr'>in</span> <span class='ocrx_word' id='word_1_189' title='bbox 198 1388 365 1424; x_wconf 79' lang='lat' dir='ltr'>Africam</span> <span class='ocrx_word' id='word_1_190' title='bbox 384 1394 495 1439; x_wconf 89' lang='lat' dir='ltr'>atque</span> <span class='ocrx_word' id='word_1_191' title='bbox 516 1389 553 1424; x_wconf 84' lang='lat' dir='ltr'>in</span> <span class='ocrx_word' id='word_1_192' title='bbox 583 1393 706 1424; x_wconf 83' lang='lat' dir='ltr'>castra</span> <span class='ocrx_word' id='word_1_193' title='bbox 735 1387 851 1424; x_wconf 83' lang='lat' dir='ltr'>Marii</span> <span class='ocrx_word' id='word_1_194' title='bbox 880 1401 964 1424; x_wconf 84' lang='lat' dir='ltr'>cum</span> <span class='ocrx_word' id='word_1_195' title='bbox 995 1388 1161 1436; x_wconf 88' lang='lat' dir='ltr'>equitatu</span> <span class='ocrx_word' id='word_1_196' title='bbox 1198 1387 1298 1423; x_wconf 91' lang='lat' dir='ltr'>venit</span> <span class='ocrx_word' id='word_1_197' title='bbox 1328 1401 1392 1423; x_wconf 88' lang='lat' dir='ltr'>ru-</span> 
     </span>
     <span class='ocr_line' id='line_1_26' title="bbox 144 1440 1392 1491; baseline -0.001 -13"><span class='ocrx_word' id='word_1_198' title='bbox 144 1442 201 1479; x_wconf 80' lang='lat' dir='ltr'>dis</span> <span class='ocrx_word' id='word_1_199' title='bbox 221 1440 329 1478; x_wconf 63' lang='lat' dir='ltr'>antea</span> <span class='ocrx_word' id='word_1_200' title='bbox 356 1447 392 1478; x_wconf 88' lang='lat' dir='ltr'>et</span> <span class='ocrx_word' id='word_1_201' title='bbox 414 1442 552 1491; x_wconf 82' lang='lat' dir='ltr'>ignaris</span> <span class='ocrx_word' id='word_1_202' title='bbox 583 1441 688 1486; x_wconf 81' lang='lat' dir='ltr'>belli,</span> <span class='ocrx_word' id='word_1_203' title='bbox 718 1441 1009 1478; x_wconf 84' lang='lat' dir='ltr'>sollertissumus</span> <span class='ocrx_word' id='word_1_204' title='bbox 1042 1440 1205 1477; x_wconf 85' lang='lat' dir='ltr'>omnium</span> <span class='ocrx_word' id='word_1_205' title='bbox 1237 1441 1274 1476; x_wconf 86' lang='lat' dir='ltr'>in</span> <span class='ocrx_word' id='word_1_206' title='bbox 1305 1454 1392 1488; x_wconf 88' lang='lat' dir='ltr'>pau-</span> 
     </span>
     <span class='ocr_line' id='line_1_27' title="bbox 143 1493 1389 1544; baseline -0.001 -12"><span class='ocrx_word' id='word_1_207' title='bbox 143 1496 196 1532; x_wconf 84' lang='lat' dir='ltr'>cis</span> <span class='ocrx_word' id='word_1_208' title='bbox 233 1496 519 1544; x_wconf 80' lang='lat' dir='ltr'>tempestatibus</span> <span class='ocrx_word' id='word_1_209' title='bbox 556 1495 677 1531; x_wconf 82' lang='lat' dir='ltr'>factus</span> <span class='ocrx_word' id='word_1_210' title='bbox 695 1499 761 1531; x_wconf 87' lang='lat' dir='ltr'>est.</span> <span class='ocrx_word' id='word_1_211' title='bbox 842 1495 905 1531; x_wconf 82' lang='lat' dir='ltr'>Ad</span> <span class='ocrx_word' id='word_1_212' title='bbox 937 1495 1022 1540; x_wconf 84' lang='lat' dir='ltr'>hoc,</span> <span class='ocrx_word' id='word_1_213' title='bbox 1054 1493 1189 1530; x_wconf 88' lang='lat' dir='ltr'>milites</span> <span class='ocrx_word' id='word_1_214' title='bbox 1224 1494 1389 1543; x_wconf 73' lang='lat' dir='ltr'>benigne</span> 
     </span>
     <span class='ocr_line' id='line_1_28' title="bbox 142 1546 1391 1598; baseline -0.001 -12"><span class='ocrx_word' id='word_1_215' title='bbox 142 1548 359 1598; x_wconf 86' lang='lat' dir='ltr'>appellare;</span> <span class='ocrx_word' id='word_1_216' title='bbox 387 1549 513 1586; x_wconf 86' lang='lat' dir='ltr'>multis</span> <span class='ocrx_word' id='word_1_217' title='bbox 544 1548 776 1598; x_wconf 78' lang='lat' dir='ltr'>rogantibus,</span> <span class='ocrx_word' id='word_1_218' title='bbox 809 1548 890 1584; x_wconf 83' lang='lat' dir='ltr'>aliis</span> <span class='ocrx_word' id='word_1_219' title='bbox 916 1561 982 1596; x_wconf 89' lang='lat' dir='ltr'>per</span> <span class='ocrx_word' id='word_1_220' title='bbox 1010 1561 1050 1585; x_wconf 90' lang='lat' dir='ltr'>se</span> <span class='ocrx_word' id='word_1_221' title='bbox 1078 1548 1158 1595; x_wconf 89' lang='lat' dir='ltr'>ipse</span> <span class='ocrx_word' id='word_1_222' title='bbox 1193 1546 1295 1592; x_wconf 77' lang='lat' dir='ltr'>dare,</span> <span class='ocrx_word' id='word_1_223' title='bbox 1331 1549 1391 1585; x_wconf 90' lang='lat' dir='ltr'>be-</span> 
     </span>
     <span class='ocr_line' id='line_1_29' title="bbox 143 1599 1388 1651; baseline 0 -12"><span class='ocrx_word' id='word_1_224' title='bbox 143 1603 277 1639; x_wconf 87' lang='lat' dir='ltr'>neficia</span> <span class='ocrx_word' id='word_1_225' title='bbox 310 1602 448 1639; x_wconf 85' lang='lat' dir='ltr'>invitus</span> <span class='ocrx_word' id='word_1_226' title='bbox 478 1602 671 1651; x_wconf 81' lang='lat' dir='ltr'>accipere3</span> <span class='ocrx_word' id='word_1_227' title='bbox 712 1602 778 1638; x_wconf 90' lang='lat' dir='ltr'>sed</span> <span class='ocrx_word' id='word_1_228' title='bbox 813 1615 857 1638; x_wconf 84' lang='lat' dir='ltr'>ea</span> <span class='ocrx_word' id='word_1_229' title='bbox 891 1600 1167 1651; x_wconf 75' lang='lat' dir='ltr'>properantius,</span> <span class='ocrx_word' id='word_1_230' title='bbox 1196 1599 1308 1650; x_wconf 73' lang='lat' dir='ltr'>quam</span> <span class='ocrx_word' id='word_1_231' title='bbox 1338 1614 1388 1639; x_wconf 82' lang='lat' dir='ltr'>aes</span> 
     </span>
     <span class='ocr_line' id='line_1_30' title="bbox 141 1652 1391 1705; baseline -0.001 -13"><span class='ocrx_word' id='word_1_232' title='bbox 141 1661 312 1693; x_wconf 89' lang='lat' dir='ltr'>mutuum</span> <span class='ocrx_word' id='word_1_233' title='bbox 327 1656 484 1692; x_wconf 84' lang='lat' dir='ltr'>reddere</span> <span class='ocrx_word' id='word_1_234' title='bbox 502 1672 509 1693; x_wconf 73' lang='grc' dir='ltr'>ε</span> <span class='ocrx_word' id='word_1_235' title='bbox 541 1656 620 1705; x_wconf 88' lang='lat' dir='ltr'>ipse</span> <span class='ocrx_word' id='word_1_236' title='bbox 640 1656 686 1691; x_wconf 85' lang='lat' dir='ltr'>ab</span> <span class='ocrx_word' id='word_1_237' title='bbox 706 1654 809 1691; x_wconf 88' lang='lat' dir='ltr'>nullo</span> <span class='ocrx_word' id='word_1_238' title='bbox 829 1660 996 1703; x_wconf 84' lang='lat' dir='ltr'>repetere</span> <span class='ocrx_word' id='word_1_239' title='bbox 1017 1670 1024 1690; x_wconf 72' lang='grc' dir='ltr'>ε</span> <span class='ocrx_word' id='word_1_240' title='bbox 1068 1652 1190 1703; x_wconf 79' lang='lat' dir='ltr'>magis</span> <span class='ocrx_word' id='word_1_241' title='bbox 1220 1653 1259 1689; x_wconf 88' lang='lat' dir='ltr'>id</span> <span class='ocrx_word' id='word_1_242' title='bbox 1287 1653 1391 1691; x_wconf 83' lang='lat' dir='ltr'>labo-</span> 
     </span>
     <span class='ocr_line' id='line_1_31' title="bbox 141 1708 1389 1759; baseline -0.002 -13"><span class='ocrx_word' id='word_1_243' title='bbox 141 1723 235 1751; x_wconf 81' lang='lat' dir='ltr'>rare,</span> <span class='ocrx_word' id='word_1_244' title='bbox 270 1714 309 1745; x_wconf 89' lang='lat' dir='ltr'>ut</span> <span class='ocrx_word' id='word_1_245' title='bbox 341 1709 395 1745; x_wconf 89' lang='lat' dir='ltr'>illi</span> <span class='ocrx_word' id='word_1_246' title='bbox 425 1708 537 1759; x_wconf 62' lang='lat' dir='ltr'>quain</span> <span class='ocrx_word' id='word_1_247' title='bbox 569 1709 719 1758; x_wconf 84' lang='lat' dir='ltr'>plurimi</span> <span class='ocrx_word' id='word_1_248' title='bbox 755 1709 959 1745; x_wconf 84' lang='lat' dir='ltr'>deberent:</span> <span class='ocrx_word' id='word_1_249' title='bbox 1010 1708 1097 1756; x_wconf 81' lang='lat' dir='ltr'>joca</span> <span class='ocrx_word' id='word_1_250' title='bbox 1141 1711 1250 1756; x_wconf 84' lang='lat' dir='ltr'>atque</span> <span class='ocrx_word' id='word_1_251' title='bbox 1293 1709 1389 1744; x_wconf 86' lang='lat' dir='ltr'>seria</span> 
     </span>
     <span class='ocr_line' id='line_1_32' title="bbox 143 1761 1387 1812; baseline -0.001 -13"><span class='ocrx_word' id='word_1_252' title='bbox 143 1776 229 1799; x_wconf 84' lang='lat' dir='ltr'>cum</span> <span class='ocrx_word' id='word_1_253' title='bbox 257 1762 486 1799; x_wconf 85' lang='lat' dir='ltr'>humillumis</span> <span class='ocrx_word' id='word_1_254' title='bbox 518 1776 640 1812; x_wconf 84' lang='lat' dir='ltr'>agere.</span> <span class='ocrx_word' id='word_1_255' title='bbox 707 1762 751 1798; x_wconf 91' lang='lat' dir='ltr'>In</span> <span class='ocrx_word' id='word_1_256' title='bbox 791 1762 979 1811; x_wconf 80' lang='lat' dir='ltr'>operibus,</span> <span class='ocrx_word' id='word_1_257' title='bbox 1010 1761 1047 1796; x_wconf 89' lang='lat' dir='ltr'>in</span> <span class='ocrx_word' id='word_1_258' title='bbox 1080 1761 1242 1810; x_wconf 85' lang='lat' dir='ltr'>agmine,</span> <span class='ocrx_word' id='word_1_259' title='bbox 1278 1766 1387 1809; x_wconf 88' lang='lat' dir='ltr'>atque</span> 
     </span>
     <span class='ocr_line' id='line_1_33' title="bbox 141 1813 1389 1865; baseline -0.001 -13"><span class='ocrx_word' id='word_1_260' title='bbox 141 1817 190 1852; x_wconf 85' lang='lat' dir='ltr'>ad</span> <span class='ocrx_word' id='word_1_261' title='bbox 224 1816 382 1865; x_wconf 85' lang='lat' dir='ltr'>vigilias,</span> <span class='ocrx_word' id='word_1_262' title='bbox 414 1816 554 1852; x_wconf 89' lang='lat' dir='ltr'>multus</span> <span class='ocrx_word' id='word_1_263' title='bbox 587 1816 740 1852; x_wconf 86' lang='lat' dir='ltr'>adesse:</span> <span class='ocrx_word' id='word_1_264' title='bbox 788 1828 910 1865; x_wconf 93' lang='lat' dir='ltr'>neque</span> <span class='ocrx_word' id='word_1_265' title='bbox 945 1813 1107 1859; x_wconf 78' lang='lat' dir='ltr'>interim,</span> <span class='ocrx_word' id='word_1_266' title='bbox 1142 1813 1245 1862; x_wconf 90' lang='lat' dir='ltr'>quod</span> <span class='ocrx_word' id='word_1_267' title='bbox 1274 1826 1389 1861; x_wconf 86' lang='lat' dir='ltr'>prava</span> 
     </span>
     <span class='ocr_line' id='line_1_34' title="bbox 141 1866 1386 1918; baseline -0.002 -12"><span class='ocrx_word' id='word_1_268' title='bbox 141 1869 294 1906; x_wconf 86' lang='lat' dir='ltr'>ambitio</span> <span class='ocrx_word' id='word_1_269' title='bbox 321 1869 429 1915; x_wconf 80' lang='lat' dir='ltr'>solet,</span> <span class='ocrx_word' id='word_1_270' title='bbox 460 1869 637 1913; x_wconf 77' lang='lat' dir='ltr'>consulis,</span> <span class='ocrx_word' id='word_1_271' title='bbox 674 1875 739 1905; x_wconf 87' lang='lat' dir='ltr'>aut</span> <span class='ocrx_word' id='word_1_272' title='bbox 775 1869 994 1918; x_wconf 81' lang='lat' dir='ltr'>cujusquam</span> <span class='ocrx_word' id='word_1_273' title='bbox 1020 1868 1122 1913; x_wconf 81' lang='lat' dir='ltr'>boni,</span> <span class='ocrx_word' id='word_1_274' title='bbox 1155 1867 1289 1903; x_wconf 78' lang='lat' dir='ltr'>famam</span> <span class='ocrx_word' id='word_1_275' title='bbox 1324 1866 1386 1904; x_wconf 86' lang='lat' dir='ltr'>lae-</span> 
     </span>
     <span class='ocr_line' id='line_1_35' title="bbox 142 1921 1387 1972; baseline -0.002 -12"><span class='ocrx_word' id='word_1_276' title='bbox 142 1924 248 1960; x_wconf 82' lang='lat' dir='ltr'>dere:</span> <span class='ocrx_word' id='word_1_277' title='bbox 281 1921 537 1959; x_wconf 70' lang='lat' dir='ltr'>tantummodo</span> <span class='ocrx_word' id='word_1_278' title='bbox 556 1936 678 1972; x_wconf 89' lang='lat' dir='ltr'>neque</span> <span class='ocrx_word' id='word_1_279' title='bbox 715 1922 883 1966; x_wconf 75' lang='lat' dir='ltr'>consilio,</span> <span class='ocrx_word' id='word_1_280' title='bbox 910 1934 1029 1971; x_wconf 86' lang='lat' dir='ltr'>neque</span> <span class='ocrx_word' id='word_1_281' title='bbox 1057 1933 1183 1965; x_wconf 83' lang='lat' dir='ltr'>manu,</span> <span class='ocrx_word' id='word_1_282' title='bbox 1226 1921 1387 1967; x_wconf 86' lang='lat' dir='ltr'>priorem</span> 
     </span>
     <span class='ocr_line' id='line_1_36' title="bbox 141 1973 1385 2026; baseline -0.001 -14"><span class='ocrx_word' id='word_1_283' title='bbox 141 1976 256 2013; x_wconf 83' lang='lat' dir='ltr'>alium</span> <span class='ocrx_word' id='word_1_284' title='bbox 302 1976 413 2024; x_wconf 89' lang='lat' dir='ltr'>pati:</span> <span class='ocrx_word' id='word_1_285' title='bbox 463 1976 663 2026; x_wconf 85' lang='lat' dir='ltr'>plerosque</span> <span class='ocrx_word' id='word_1_286' title='bbox 715 1975 940 2012; x_wconf 85' lang='lat' dir='ltr'>antevenire.</span> <span class='ocrx_word' id='word_1_287' title='bbox 1013 1973 1162 2017; x_wconf 79' lang='lat' dir='ltr'>Quibus</span> <span class='ocrx_word' id='word_1_288' title='bbox 1198 1974 1310 2009; x_wconf 84' lang='lat' dir='ltr'>rebus</span> <span class='ocrx_word' id='word_1_289' title='bbox 1348 1980 1385 2011; x_wconf 88' lang='lat' dir='ltr'>et</span> 
     </span>
     <span class='ocr_line' id='line_1_37' title="bbox 140 2027 1208 2078; baseline -0.004 -12"><span class='ocrx_word' id='word_1_290' title='bbox 140 2030 282 2066; x_wconf 85' lang='lat' dir='ltr'>artibus</span> <span class='ocrx_word' id='word_1_291' title='bbox 302 2028 408 2066; x_wconf 82' lang='lat' dir='ltr'>brevi</span> <span class='ocrx_word' id='word_1_292' title='bbox 426 2029 547 2066; x_wconf 87' lang='lat' dir='ltr'>Mario</span> <span class='ocrx_word' id='word_1_293' title='bbox 567 2029 818 2078; x_wconf 81' lang='lat' dir='ltr'>militibusque</span> <span class='ocrx_word' id='word_1_294' title='bbox 835 2029 1058 2064; x_wconf 86' lang='lat' dir='ltr'>carissumus</span> <span class='ocrx_word' id='word_1_295' title='bbox 1076 2027 1208 2062; x_wconf 89' lang='lat' dir='ltr'>factus.</span> 
     </span>
    </p>

    <p class='ocr_par' dir='ltr' id='par_1_4' title="bbox 141 2078 1387 2344">
     <span class='ocr_line' id='line_1_38' title="bbox 194 2078 1387 2133; baseline -0.003 -13"><span class='ocrx_word' id='word_1_296' title='bbox 194 2084 247 2120; x_wconf 81' lang='lat' dir='ltr'>At</span> <span class='ocrx_word' id='word_1_297' title='bbox 273 2082 469 2130; x_wconf 72' lang='lat' dir='ltr'>Jugurtha,</span> <span class='ocrx_word' id='word_1_298' title='bbox 500 2082 699 2133; x_wconf 75' lang='lat' dir='ltr'>postquam</span> <span class='ocrx_word' id='word_1_299' title='bbox 737 2082 917 2132; x_wconf 87' lang='lat' dir='ltr'>oppidum</span> <span class='ocrx_word' id='word_1_300' title='bbox 955 2080 1115 2129; x_wconf 83' lang='lat' dir='ltr'>Capsam</span> <span class='ocrx_word' id='word_1_301' title='bbox 1134 2079 1304 2128; x_wconf 89' lang='lat' dir='ltr'>aliosque</span> <span class='ocrx_word' id='word_1_302' title='bbox 1333 2078 1387 2116; x_wconf 90' lang='lat' dir='ltr'>lo-</span> 
     </span>
     <span class='ocr_line' id='line_1_39' title="bbox 143 2133 1385 2195; baseline -0.005 -22"><span class='ocrx_word' id='word_1_303' title='bbox 143 2149 206 2173; x_wconf 84' lang='lat' dir='ltr'>oos</span> <span class='ocrx_word' id='word_1_304' title='bbox 238 2136 401 2173; x_wconf 84' lang='lat' dir='ltr'>munitos</span> <span class='ocrx_word' id='word_1_305' title='bbox 436 2143 473 2173; x_wconf 89' lang='lat' dir='ltr'>et</span> <span class='ocrx_word' id='word_1_306' title='bbox 508 2136 579 2172; x_wconf 83' lang='lat' dir='ltr'>sibi</span> <span class='ocrx_word' id='word_1_307' title='bbox 615 2134 730 2179; x_wconf 78' lang='lat' dir='ltr'>utilis,</span> <span class='ocrx_word' id='word_1_308' title='bbox 764 2135 872 2171; x_wconf 80' lang='lat' dir='ltr'>simul</span> <span class='ocrx_word' id='word_1_309' title='bbox 909 2140 945 2172; x_wconf 89' lang='lat' dir='ltr'>et</span> <span class='ocrx_word' id='word_1_310' title='bbox 972 2146 1145 2182; x_wconf 86' lang='lat' dir='ltr'>magnam</span> <span class='ocrx_word' id='word_1_311' title='bbox 1176 2133 1385 2195; x_wconf 79' lang='lat' dir='ltr'>pecuniam,</span> 
     </span>
     <span class='ocr_line' id='line_1_40' title="bbox 141 2185 1385 2236; baseline -0.005 -10"><span class='ocrx_word' id='word_1_312' title='bbox 141 2190 340 2235; x_wconf 83' lang='lat' dir='ltr'>amiserat3</span> <span class='ocrx_word' id='word_1_313' title='bbox 380 2190 428 2225; x_wconf 89' lang='lat' dir='ltr'>ad</span> <span class='ocrx_word' id='word_1_314' title='bbox 448 2189 641 2226; x_wconf 79' lang='lat' dir='ltr'>Bocchum</span> <span class='ocrx_word' id='word_1_315' title='bbox 669 2189 824 2224; x_wconf 89' lang='lat' dir='ltr'>nuncios</span> <span class='ocrx_word' id='word_1_316' title='bbox 854 2188 978 2233; x_wconf 79' lang='lat' dir='ltr'>mittit,</span> <span class='ocrx_word' id='word_1_317' title='bbox 1010 2199 1122 2236; x_wconf 79' lang='lat' dir='ltr'>quam</span> <span class='ocrx_word' id='word_1_318' title='bbox 1155 2185 1315 2234; x_wconf 87' lang='lat' dir='ltr'>primum</span> <span class='ocrx_word' id='word_1_319' title='bbox 1346 2186 1385 2221; x_wconf 89' lang='lat' dir='ltr'>in</span> 
     </span>
     <span class='ocr_line' id='line_1_41' title="bbox 141 2217 1385 2292; baseline -0.004 -13"><span class='ocrx_word' id='word_1_320' title='bbox 141 2243 360 2279; x_wconf 87' lang='lat' dir='ltr'>Numidiam</span> <span class='ocrx_word' id='word_1_321' title='bbox 408 2243 535 2292; x_wconf 84' lang='lat' dir='ltr'>copias</span> <span class='ocrx_word' id='word_1_322' title='bbox 584 2243 810 2279; x_wconf 86' lang='lat' dir='ltr'>adduceret:</span> <span class='ocrx_word' id='word_1_323' title='bbox 861 2217 981 2290; x_wconf 82' lang='lat' dir='ltr'>proelii</span> <span class='ocrx_word' id='word_1_324' title='bbox 1029 2239 1192 2275; x_wconf 82' lang='lat' dir='ltr'>faciundi</span> <span class='ocrx_word' id='word_1_325' title='bbox 1217 2244 1385 2287; x_wconf 87' lang='lat' dir='ltr'>tempus</span> 
     </span>
     <span class='ocr_line' id='line_1_42' title="bbox 143 2281 1384 2344; baseline -0.006 -10"><span class='ocrx_word' id='word_1_326' title='bbox 143 2297 287 2334; x_wconf 78' lang='lat' dir='ltr'>adesse</span> <span class='ocrx_word' id='word_1_327' title='bbox 357 2295 481 2340; x_wconf 84' lang='lat' dir='ltr'>Quem</span> <span class='ocrx_word' id='word_1_328' title='bbox 513 2296 578 2333; x_wconf 87' lang='lat' dir='ltr'>ubi</span> <span class='ocrx_word' id='word_1_329' title='bbox 603 2295 768 2333; x_wconf 83' lang='lat' dir='ltr'>cunctari</span> <span class='ocrx_word' id='word_1_330' title='bbox 792 2295 949 2344; x_wconf 83' lang='lat' dir='ltr'>accepit,</span> <span class='ocrx_word' id='word_1_331' title='bbox 973 2292 1126 2330; x_wconf 85' lang='lat' dir='ltr'>dubium</span> <span class='ocrx_word' id='word_1_332' title='bbox 1152 2281 1244 2329; x_wconf 88' lang='lat' dir='ltr'>belli</span> <span class='ocrx_word' id='word_1_333' title='bbox 1273 2297 1384 2342; x_wconf 88' lang='lat' dir='ltr'>atque</span> 
     </span>
    </p>
   </div>
  </div>
 </body>
</html>
