1492 2531
124 59 174 97 68
607 58 889 98 SALLUSTII

122 163 196 199 fusi
231 162 440 212 fugatique,
476 162 586 211 pauci
621 162 814 209 interiere;
858 162 1059 213 plerosque
1098 162 1289 209 velocitas,
1325 169 1363 202 et

123 216 229 266 regio
264 216 432 252 hostibus
467 216 610 265 igna1a,
646 221 765 252 tutata
810 222 907 253 sunt.
968 215 1115 253 Interea
1163 216 1362 263 Bomilcar,

124 283 235 318 quem
259 269 465 317 elephantis
485 275 522 305 et
540 268 636 317 parti
665 269 856 318 copiarum
887 270 1112 318 pedestrium
1143 271 1363 319 praefectum

124 323 171 359 ab
207 321 395 372 Jugurtha
431 321 546 371 supra.
580 321 754 367 diximus,
790 323 851 359 ubi
887 337 972 360 eum
1010 322 1173 360 Rutilius
1211 329 1367 372 praeter-

124 389 275 426 gressus
296 380 366 418 est,
395 373 576 425 paulatim
606 389 695 412 suos
715 376 751 411 in
773 390 926 425 aequum
954 375 1078 412 locum
1107 376 1279 422 deducit3
1309 390 1365 420 ac,

125 430 213 466 dum
249 429 394 478 legatus
431 428 478 465 ad
514 429 666 474 flumen,
685 427 760 478 quo
798 430 1011 477 praemissus
1057 435 1148 476 erat,
1185 431 1365 467 festinans

123 482 259 532 pergit,
289 482 450 531 quietus,
485 479 539 518 uti
573 495 630 518 res
666 482 894 531 postulabat,
932 483 1048 519 aciem
1082 488 1263 525 exornat;
1298 498 1366 521 ne-

125 549 197 585 que
218 535 380 578 remittit,
401 535 491 584 quid
519 535 656 583 ubique
685 535 802 572 hostis
831 540 968 585 ageret,
996 535 1199 585 explorare.
1256 536 1368 573 Post-

126 587 238 639 quam
260 588 439 625 Rutilium
466 589 680 625 consedisse
706 590 796 639 jam,
817 594 853 625 et
873 589 995 625 animo
1023 603 1182 625 vacuum
1210 591 1368 639 accepit,

126 642 310 691 simulque
342 656 387 679 ex
416 641 612 692 Jugurthae
650 642 780 690 proelio
815 641 1011 678 clamorem
1043 643 1188 691 augeri:
1227 643 1368 679 veritus

125 695 172 732 ne
209 695 368 744 legatus,
398 693 551 745 cognita
580 709 632 741 re,
669 695 926 732 laborantibus
963 696 1039 732 suis
1077 695 1214 732 auxilio
1262 696 1370 739 soret,

126 749 256 791 aciem,
286 762 397 797 quam
427 749 596 785 diffidens
633 748 754 785 virtuti
778 748 934 785 militum
962 748 1040 785 arte
1074 754 1264 792 statuerat,
1293 748 1368 799 quo

126 802 287 839 hostium
321 802 442 838 itineri
471 802 648 847 officeret,
676 801 788 838 latius
817 803 993 852 porrigit3
1022 812 1139 867 eoque·
1168 803 1278 839 modo
1323 802 1373 838 ad

126 855 261 892 Rutilii
297 861 419 891 castra
452 855 632 904 procedit.
696 855 857 892 Romani
891 869 938 892 ex
965 856 1166 904 improviso
1203 855 1369 904 pulveris

126 910 201 946 vim
231 922 405 957 magnam
435 908 743 945 animadvertunt.
798 908 898 945 Nam
932 914 1168 957 prospectum
1199 922 1288 958 ager
1315 923 1373 945 ar-

127 963 249 999 bustis
270 962 436 998 cousitus
457 962 690 1011 prohibebat.
747 961 797 997 Et
814 960 934 1010 primo
963 963 1030 998 rati
1054 962 1205 998 humum
1233 962 1374 999 aridam

129 1020 242 1052 vento
288 1015 443 1064 agitari3
486 1013 587 1064 post,
634 1015 698 1051 ubi
735 1015 957 1064 aequabilem
999 1029 1161 1061 manere,
1186 1021 1235 1059 et,
1278 1016 1375 1053 sicut

132 1069 231 1105 acies
251 1082 334 1104 mox
340 1069 485 1113 ebatur,
514 1081 636 1117 magls
664 1081 859 1117 magisque
888 1069 1200 1127 appropinquare,
1229 1069 1375 1113 vident3

134 1121 287 1171 cognita
322 1136 374 1165 re,
411 1126 653 1170 properantes
690 1135 790 1157 arma
827 1122 989 1170 capiunt,
1035 1135 1077 1158 ac
1124 1135 1190 1170 pro
1233 1123 1377 1168 castris,

138 1176 234 1212 sicut
265 1174 529 1224 imperabatur,
567 1186 667 1210 cons
674 1180 786 1211 stunt.
850 1174 961 1220 Dein,
998 1175 1063 1211 ubi
1094 1175 1249 1224 propius
1285 1189 1378 1212 ven-

136 1234 213 1265 tum
251 1234 319 1272 est,
366 1228 551 1277 utrimque
598 1241 733 1276 magno
776 1227 935 1264 clamore
983 1229 1222 1265 concurritur.
1295 1228 1379 1265 Nu-

137 1283 260 1327 midae,
290 1279 544 1318 tantummode)
574 1281 761 1325 remorati,
786 1281 875 1317 dum
902 1281 940 1316 in
968 1281 1170 1329 elephantis
1199 1281 1377 1317 auxilium

138 1341 282 1384 putant,
318 1340 517 1384 postquam
553 1348 631 1379 eos,
667 1334 865 1383 impeditos
901 1334 1010 1371 ramis
1040 1335 1226 1380 arborum,
1266 1343 1378 1384 atque

138 1390 189 1425 ita
208 1389 396 1438 disjectos,
428 1387 686 1424 circumveniri
713 1388 854 1432 vident,
883 1388 1009 1437 fugam
1035 1387 1198 1434 faciunt;
1225 1401 1268 1424 ac
1295 1388 1378 1436 ple-

137 1443 257 1491 rique,
285 1441 437 1491 abjectis
468 1441 593 1484 armis,
622 1440 740 1485 collis,
772 1446 834 1477 aut
861 1443 994 1486 noctis,
1021 1455 1106 1490 quae
1131 1442 1208 1491 jam
1239 1441 1381 1487 aderat,

140 1495 277 1532 auxilio
296 1495 432 1544 integri
450 1495 600 1532 abeunt.
672 1494 869 1543 Elephanti
899 1499 1057 1543 quatuor
1084 1495 1208 1544 capti3
1246 1494 1381 1544 reliqui

141 1562 282 1592 omnes,
331 1561 485 1585 numero
532 1548 787 1597 quadraginta,
838 1547 1031 1584 interfecti.
1112 1548 1165 1584 At
1208 1548 1382 1593 Romani,

142 1600 368 1652 quamquain
409 1601 552 1646 itinere,
593 1606 703 1649 atque
751 1614 862 1650 opere
909 1606 1125 1646 castrorum,
1163 1606 1199 1637 et
1237 1601 1381 1650 proelio,

142 1656 232 1693 fessi
260 1655 424 1704 lassique
454 1660 582 1697 erant3
610 1660 747 1700 tamen,
775 1653 878 1703 quod
904 1654 1084 1691 Metellus
1112 1654 1271 1703 amplius
1301 1654 1382 1703 opi-

142 1710 252 1746 nione
286 1709 512 1752 morabatur,
548 1708 718 1744 instructi
754 1708 960 1757 intentique
991 1707 1139 1744 obviam
1166 1708 1383 1756 procedunt.

143 1762 243 1799 Nam
272 1761 380 1798 dolus
412 1760 659 1797 Numidarum
686 1760 776 1797 nihil
802 1761 967 1811 languidi
994 1774 1115 1810 neque
1142 1761 1288 1798 remissi
1314 1774 1382 1810 pa-

143 1816 318 1852 tiebatur.
373 1814 431 1850 Ac
450 1814 583 1863 primo,
613 1812 773 1850 obscura
801 1821 923 1858 nocte,
951 1820 1148 1863 postquam
1175 1815 1272 1850 haud
1299 1827 1385 1863 pro-

146 1868 205 1904 cul
237 1868 332 1904 inter
362 1882 401 1904 se
433 1873 561 1914 erant3
599 1868 768 1917 strepitu,
805 1868 920 1904 veluti
968 1867 1096 1905 hostes
1132 1868 1384 1913 adventarent,

146 1921 250 1958 alteri
278 1921 380 1970 apud
407 1921 542 1958 alteros
572 1921 804 1957 formidinem
832 1920 941 1957 simul
960 1927 996 1958 et
1014 1921 1213 1957 tumultum
1238 1919 1383 1957 facere:

147 1980 185 2012 et
220 1974 317 2023 pene
351 1973 600 2023 imprudentia
645 1974 848 2010 admissum
892 1975 1036 2010 facinus
1080 1973 1304 2018 miserabile,
1342 1971 1385 2009 ni

146 2028 330 2076 utrimque
357 2028 539 2075 praemissi
558 2028 700 2076 equites
719 2040 797 2064 rem
816 2027 1121 2077 exploravissent.
1173 2026 1293 2076 Igitur
1314 2039 1384 2075 pro

147 2087 250 2117 metu
276 2079 428 2129 repente
458 2081 636 2130 gaudium
664 2086 854 2118 exortum:
884 2081 1016 2117 milites
1046 2080 1139 2117 alius
1168 2079 1281 2116 alium
1308 2079 1387 2116 laeti

150 2133 353 2184 appellant,
384 2139 466 2170 acta
494 2135 664 2180 edocent,
692 2139 804 2183 atque
833 2135 1008 2170 audiunt:
1046 2146 1113 2170 sua
1131 2133 1289 2182 quisque
1316 2133 1388 2169 for-

149 2188 202 2223 tia
228 2187 327 2224 faeta
363 2187 411 2222 ad
444 2187 578 2223 coelum
607 2187 687 2223 fert.
743 2187 892 2237 Quippe
929 2200 987 2223 res
1021 2186 1192 2223 humanae
1225 2192 1277 2222 lta
1305 2199 1386 2223 sese

150 2240 311 2277 habent:
351 2240 387 2276 in
422 2239 591 2285 victoria,
623 2240 683 2277 vel
715 2240 859 2289 ignavis
894 2240 1043 2289 gloriari
1072 2239 1178 2276 licet:
1215 2239 1386 2276 advorsae

152 2307 211 2331 res
248 2294 357 2330 etiam
386 2294 506 2330 bonos
537 2293 758 2331 detrectant.
825 2292 1001 2330 Metellus
1032 2293 1070 2329 in
1096 2293 1228 2330 iisdem
1257 2292 1387 2330 castris
