1492 2531
391 113 608 152 BELLUM
640 113 897 151 CATILINA
908 113 1055 153 RIUM.
1295 113 1316 149 :3
1325 112 1348 148 5

97 217 287 264 Veterani,
336 220 501 268 pristinae
553 220 699 257 virtutis
746 234 941 267 memores,
989 219 1157 257 cominus
1204 220 1336 256 acriter

97 272 257 314 instare;
286 272 340 308 illi
375 273 475 309 haud
503 273 619 310 timidi
656 275 855 319 resistunt3
885 274 1059 310 maxum&
1094 274 1129 309 vi
1159 279 1333 310 certatur.

98 324 243 361 Interea
278 325 436 362 Catilina
482 340 567 363 cum
601 327 782 375 expeditis
824 328 860 363 in
902 327 1021 376 prim&
1053 327 1132 363 acie
1169 326 1334 370 versa1i3

97 378 349 414 laborantibus
383 392 617 416 succurrere:
647 380 811 430 integros
845 394 911 428 pro
952 380 1086 417 sauciis
1117 393 1334 420 accersere:

96 431 217 466 omnia
233 432 451 480 providere3
481 433 636 470 multum
664 433 745 482 ipse
774 447 955 483 pugnare,
985 433 1086 482 saepe
1110 433 1256 469 hostem
1282 433 1333 468 fe-

95 484 184 520 rire:
215 485 353 521 strenui
379 485 503 523 militis
532 492 569 524 et
598 488 687 523 boni
715 487 948 536 imperatoris
968 487 1087 524 officia
1101 486 1209 523 simul
1229 499 1335 522 exse-

95 537 288 584 quebatur.
347 538 531 586 Petreius,
558 540 621 576 ubi
651 540 750 576 ridet
777 540 990 584 Catilinam,
1013 539 1141 577 contra
1169 554 1211 576 ac
1231 545 1332 575 ratus

94 594 183 633 erat,
225 604 362 642 magna
405 593 439 630 vi
469 593 634 639 tendere,
663 594 850 630 cohortem
885 594 1094 642 praetoriam
1120 594 1157 629 in
1190 592 1332 629 medios

98 641 216 679 hostis
263 645 423 683 inducit:
465 660 605 696 eosque
659 647 907 695 perturbatos,
956 653 1068 697 atque
1114 647 1205 683 alios
1244 645 1335 682 alibi

95 696 311 742 resistentis,
368 699 559 738 interficit:
618 701 750 738 deinde
810 701 994 750 utrimque
1065 713 1109 737 ex
1156 699 1333 736 lateribus

94 755 248 786 caeteros
290 753 519 802 aggreditur.
575 753 740 790 Manlius
781 761 817 790 et
853 754 1086 799 Faesulanus,
1131 754 1168 789 in
1203 753 1332 802 primis

95 809 318 852 pugnanteS,
349 807 495 844 cadunt.
551 806 760 856 Postquam
790 807 891 844 fusas
923 808 1064 857 copias,
1098 820 1214 856 seque
1248 819 1333 842 cum

94 856 225 904 paucis
258 857 442 904 relictum,
482 860 585 897 videt
619 861 799 904 Catilina;
843 874 984 898 memor
1015 860 1176 910 generis,
1220 866 1330 910 atque

94 909 257 956 pristinae
278 912 466 960 dignitatis
494 927 585 956 suae,
615 914 653 950 in
675 914 977 951 confertissumos
1011 914 1135 950 hostes
1167 913 1332 955 incurrit,

93 962 223 1011 ibique
260 978 432 1015 pugnans
466 968 687 1004 confoditur.
761 968 838 1004 Sed
874 969 1042 1004 contecto
1072 966 1214 1026 proelio,
1255 974 1331 1002 turn

94 1014 183 1051 vero
201 1029 368 1055 cerneres
402 1027 541 1069 quanta
573 1021 729 1057 audacia
756 1027 969 1071 quantaque
989 1021 1100 1057 animi
1124 1021 1178 1056 xis
1203 1019 1335 1056 fuisset

93 1068 129 1103 in
167 1071 330 1108 exercitu
369 1072 550 1111 Catilinae.
605 1074 705 1111 Nam
747 1074 839 1120 fere,
869 1088 979 1123 quem
1017 1074 1175 1135 quisque
1226 1074 1332 1109 vivus

94 1125 296 1171 pugnando
340 1125 462 1163 locum
509 1134 792 1176 ceperat,e111n
841 1128 975 1164 amissa
1013 1128 1148 1172 anima,
1178 1140 1333 1186 corpore

94 1176 255 1224 tegebat.
308 1178 424 1216 Pauci
443 1186 579 1223 autem,
611 1194 705 1230 quos
737 1181 878 1217 medios
899 1181 1030 1217 cohors
1063 1181 1235 1230 praetoria
1260 1180 1335 1216 dis-

89 1228 242 1277 jecerat,
273 1231 385 1280 paulo
421 1233 615 1272 diversius.
653 1235 718 1270 sed
748 1247 876 1271 omnes
908 1239 1032 1270 tamen
1065 1233 1230 1270 adxersis
1254 1233 1333 1268 vul-

93 1281 256 1329 neribus,
293 1287 541 1324 conciderant.
597 1276 755 1323 Catilina
790 1286 880 1324 vero
917 1286 1030 1337 longe
1068 1300 1090 1323 a
1124 1287 1202 1322 suis
1238 1287 1334 1323 inter

94 1333 255 1372 hostium
290 1339 474 1377 cadavera
508 1347 678 1389 repertus
706 1346 776 1386 est,
813 1340 1003 1400 paululum
1033 1341 1143 1377 etiam
1173 1340 1332 1389 spirans,

92 1388 341 1439 ferociamque
375 1393 500 1438 animi,
515 1407 626 1444 quam
663 1394 848 1431 hubuerat
884 1396 945 1431 vix
951 1408 1005 1439 uS,
1043 1394 1081 1430 in
1117 1393 1222 1430 vultu
1249 1395 1334 1430 reti-

95 1453 200 1478 nens,
258 1443 456 1482 Postremo
475 1461 521 1484 ex
553 1448 652 1483 omni
683 1448 805 1497 copia,
826 1459 945 1497 neque
974 1448 1009 1484 in
1031 1446 1175 1496 proelio,
1212 1460 1333 1496 neque

94 1494 131 1532 in
159 1493 262 1546 fuga,
281 1499 476 1548 quisquam
513 1500 603 1537 civis
633 1515 820 1551 ingenuus
840 1508 971 1551 captus
989 1505 1055 1537 est.
1108 1500 1166 1536 Ita
1186 1514 1332 1549 cunque

93 1561 175 1587 suae
203 1550 439 1610 hostiumque
476 1554 557 1591 vitae
582 1555 692 1604 juxt-22
729 1560 985 1604 pepercerant.
1041 1553 1176 1604 Neque
1210 1559 1333 1591 tamen

94 1603 276 1640 exercitus
312 1606 441 1656 populi
484 1607 645 1644 Romani
675 1608 798 1645 laetam
845 1614 909 1644 aut
955 1609 1183 1644 incruentam
1220 1608 1335 1644 victo-

93 1657 187 1693 riam
214 1658 370 1706 adeptus
404 1667 493 1698 erat.
549 1660 648 1698 Nam
684 1662 975 1698 strenuissumus
995 1661 1153 1711 quisque
1179 1668 1242 1697 aut
1275 1675 1335 1698 oc-

94 1710 235 1746 uiderat
277 1712 314 1747 in
350 1713 493 1774 proeho,
547 1720 610 1751 aut
656 1714 820 1765 graviter
856 1714 1070 1751 vulneratus
1103 1714 1333 1751 discesserat.

92 1762 209 1800 Multi
244 1770 382 1811 autem,
411 1768 475 1816 qui
504 1781 525 1804 e
560 1769 690 1805 castris
720 1769 865 1805 visundi
897 1775 961 1804 aut
998 1767 1182 1827 spoliandi
1213 1768 1333 1817 gratia

93 1825 367 1865 processerant,
411 1821 603 1858 volventes
646 1821 793 1858 hostilia
829 1822 1022 1865 cadavera,
1055 1821 1216 1857 amicum
1255 1821 1334 1866 alii,

93 1883 180 1918 pars
215 1870 399 1930 hospitem
435 1881 499 1913 aut
535 1881 749 1924 cognatum,
778 1875 1024 1924 reperieoant.
1080 1873 1199 1911 Fuere
1230 1874 1333 1920 item³

95 1927 160 1973 qui
191 1923 360 1962 inimicos
393 1941 481 1967 suos
512 1935 792 1977 cognoscerent.
865 1928 923 1965 Ita
953 1926 1056 1965 varie
1092 1941 1158 1976 per
1187 1941 1332 1965 omnem

95 1977 297 2015 exercitum
330 1978 469 2031 laetitia,
508 1995 657 2027 moeror,
695 1981 834 2026 luctus,
872 1989 983 2032 atque
1025 1981 1174 2031 gaudia,
1214 1982 1334 2031 agita-

94 2030 239 2068 bantur.

462 2215 561 2241 FiNIS
580 2217 691 2242 BELLI
711 2218 887 2244 CATlLlNA
896 2219 962 2244 Ru.
