1492 2531
128 49 180 87 62
611 51 888 91 SALLUSTII

134 155 266 199 fuerat,
304 154 514 192 dilacerata.
594 155 781 193 Caeterum
828 155 1001 194 nobilitas
1048 155 1207 194 factione
1247 155 1366 208 magis

134 207 324 257 pollebat:
370 208 490 257 plebis
522 207 593 254 vis,
628 209 748 246 soluta
782 215 891 260 atque
926 210 963 246 in
999 210 1272 248 multitudinem
1309 211 1365 247 di-

135 275 280 310 spersa,
299 261 423 299 minus
443 266 599 311 poterat.
670 263 882 300 Paucorum
901 263 1051 300 arbitrio
1071 263 1160 301 belli
1190 261 1367 314 domique

133 315 363 363 agitabatur:
412 314 528 364 penes
566 315 717 352 eosdem
760 317 944 362 aerarium,
977 317 1195 365 provinciae,
1231 317 1369 367 magis-

133 373 263 413 tratus,
296 368 437 418 gloriae,
474 369 725 418 triumphique
773 375 898 406 erant:
945 370 1106 419 populus
1147 370 1280 407 militia
1315 376 1369 408 at-

134 435 207 470 que
242 420 369 470 inopia
404 422 631 471 urgebatur;
661 423 806 470 praedas
841 422 993 459 bellicas
1013 423 1251 472 imperatores
1282 438 1368 460 cum

133 475 263 523 paucis
296 475 530 523 diripiebant.
603 474 750 512 Interea
798 481 983 524 parentes,
1016 481 1079 512 aut
1113 478 1217 526 parvi
1262 476 1369 514 liberi

132 528 301 573 militum,
337 527 391 563 uti
425 528 583 578 quisque
620 529 820 577 potentiori
839 529 994 566 confinis
1014 534 1106 574 erat,
1125 530 1277 567 sedibus
1292 530 1371 580 pel--

132 580 311 617 lebantur.
368 581 428 618 Ita
464 595 548 618 cuni
584 583 751 630 potentia
777 582 930 618 avaritia
966 583 1044 619 sine
1080 583 1189 620 modo
1221 584 1368 620 modes·

133 634 260 684 tiaque
292 635 481 679 invadere,
511 635 694 684 polluere,
723 640 760 671 et
790 641 937 672 vastare
957 636 1099 682 omnia;
1129 635 1220 672 nihil
1249 637 1370 685 pensi,

134 701 255 737 neque
275 688 394 724 sancti
413 689 562 732 habere,
579 688 704 737 quoad
715 695 833 725 semet
845 689 926 738 ipse
945 690 1201 738 praecipitavit.
1254 689 1371 735 Nam,

133 741 198 777 ubi
216 741 376 790 primum
392 756 439 779 ex
457 742 648 778 nobilitate
676 742 814 791 reperti
842 747 940 788 sunt,
978 743 1184 792 quiveram
1214 742 1371 793 gloriam

133 794 282 845 injustae
318 795 498 844 potentiae
546 800 825 844 anteponerent,
869 797 1009 832 moveri
1036 797 1179 842 civitas,
1215 802 1252 833 et
1299 797 1373 833 dis-

135 848 256 885 sensio
290 848 424 892 civilis,
456 849 563 897 quasi
597 849 794 898 permixtio
822 853 944 892 terrae,
973 849 1059 886 oriri
1092 850 1215 899 coepit.
1269 849 1371 886 Nam

135 900 337 951 postquam
369 902 540 938 Tiberius
575 907 611 938 et
647 902 759 939 Caius
797 902 1005 948 Gracchus,
1025 917 1182 952 quorum
1211 903 1371 954 majores

134 955 281 992 Punico
302 960 414 1005 atque
450 955 531 991 aliis
568 955 677 992 bellis
713 956 872 992 multum
899 956 1118 1005 reipublicae
1138 956 1371 996 addiderant.

134 1009 324 1045 vindicare
361 1008 511 1058 plebem
542 1008 578 1044 in
598 1008 806 1045 libertatem
838 1013 875 1045 et
902 1023 1106 1059 paucorum
1139 1010 1281 1046 scelera
1309 1023 1375 1058 pa-

135 1062 295 1099 tefacere
332 1060 507 1112 coepere3
548 1061 726 1098 nobilitas
774 1062 898 1107 noxia,
934 1068 1045 1112 atque
1092 1061 1137 1100 θὸ
1187 1062 1373 1112 perculsa,

135 1113 246 1152 modo
264 1129 332 1164 per
368 1115 489 1152 socios
506 1120 543 1151 et
560 1128 698 1151 nomen
732 1114 921 1161 Latinum,
938 1116 1124 1152 interdum
1143 1129 1210 1164 per
1227 1115 1373 1165 equites

138 1168 343 1213 Romanos,
363 1181 458 1217 quos
477 1181 563 1217 spes
583 1168 770 1204 societatis
803 1167 826 1204 a
844 1169 954 1219 plebe
988 1169 1204 1206 dimoverat.
1259 1169 1376 1206 Grac-

136 1222 288 1259 chorum
308 1222 518 1259 actionibus
539 1221 689 1258 obviam
708 1220 802 1258 ierat
819 1235 827 1265 3
857 1227 894 1258 et
918 1220 1039 1271 primo
1066 1222 1273 1268 Tiberium,
1290 1222 1375 1259 dein

136 1289 279 1325 paucos
296 1280 384 1325 post
402 1289 519 1312 annos
550 1275 681 1311 eadem
705 1275 977 1324 ingredientem
1009 1275 1156 1321 Caium,
1184 1275 1376 1313 tribunum

135 1329 272 1378 plebis,
288 1329 444 1366 alterum
479 1328 724 1372 triumvirum,
758 1328 913 1365 coloniis
944 1329 1186 1374 deducendis,
1206 1328 1299 1365 Cum
1320 1327 1376 1366 M.

137 1382 270 1421 Fulvio
308 1382 457 1428 Flacco,
493 1382 591 1419 ferro
628 1387 836 1418 necaverat.
907 1381 956 1418 Et
984 1381 1073 1418 sane
1090 1382 1286 1427 Gracchis,
1316 1396 1377 1418 cu-

137 1437 263 1485 pidine
297 1436 478 1479 victoriae,
496 1435 598 1472 haud
626 1433 716 1471 satis
746 1435 891 1471 animus
926 1436 1138 1472 moderatus
1157 1435 1237 1472 fuit.
1301 1435 1376 1472 Sed

140 1491 237 1527 bono
269 1489 370 1525 vinci
390 1489 506 1525 satius
527 1494 597 1532 est,
617 1487 730 1537 quam
749 1488 847 1525 malo
883 1501 984 1524 more
1020 1489 1191 1538 injuriam
1213 1488 1375 1526 vincere.

136 1543 258 1593 Igitur
293 1541 338 1579 ea
355 1541 511 1579 victoria
529 1541 703 1579 nobilitas
723 1555 769 1578 ex
801 1541 963 1578 lubidine
1003 1540 1071 1578 sua
1097 1556 1177 1586 usa,
1208 1540 1377 1578 mortalis

92 1641 95 1645 Α
137 1597 275 1634 multos
291 1596 388 1633 ferro
426 1601 489 1632 aut
506 1594 597 1644 fuga
615 1595 811 1640 exstinxit3
839 1595 1001 1644 plusque
1020 1596 1058 1632 in
1089 1595 1277 1644 reliquum
1306 1594 1377 1633 sibi

136 1650 293 1696 timoris,
330 1648 443 1699 quarn
483 1649 676 1699 potentiae,
713 1648 879 1685 addidit:
930 1662 1016 1698 quae
1055 1662 1110 1684 res
1158 1648 1378 1698 plerumque

136 1717 293 1754 magnas
328 1703 496 1740 civitates
522 1702 792 1750 pessumdedit,
812 1702 899 1738 dum
928 1701 1030 1738 alteri
1065 1701 1202 1738 alteros
1230 1702 1377 1739 vincere

138 1757 270 1807 quovis
302 1756 413 1793 modo
450 1762 486 1793 et
517 1756 636 1792 victos
672 1755 843 1792 acerbius
881 1754 1012 1791 ulcisci
1043 1754 1184 1792 volunt.
1238 1754 1313 1791 Sed
1332 1755 1378 1792 de

139 1811 270 1847 studiis
304 1810 479 1859 partium,
515 1815 552 1845 et
571 1809 743 1845 omnibus
774 1808 932 1846 civitatis
969 1809 1149 1848 moribus,
1186 1808 1218 1845 si
1253 1807 1381 1858 singil-

137 1863 257 1910 latim,
277 1869 340 1900 aut
388 1877 456 1913 pro
505 1862 775 1912 magnitudine,
810 1875 940 1911 parem
987 1862 1182 1907 disserere,
1217 1866 1379 1911 tempus,

140 1916 255 1967 quam
286 1930 360 1962 res,
396 1916 576 1953 maturius
606 1915 762 1952 deseret.
837 1914 1094 1959 Quamobrem
1112 1915 1160 1951 ad
1189 1914 1379 1964 inceptum

139 1971 265 2008 redeo.

193 2024 286 2061 Post
321 2022 413 2059 Auli
442 2022 578 2069 foedus,
615 2020 876 2071 exercitusque
913 2021 1030 2059 nostri
1065 2021 1189 2070 fugam
1228 2021 1379 2065 foedam,

140 2075 321 2114 Metellus
349 2081 386 2113 et
420 2075 582 2121 Silanus,
602 2075 774 2111 consules
805 2075 1003 2125 designati,
1038 2074 1246 2124 provincias
1283 2075 1380 2112 inter

142 2145 181 2167 se
216 2130 466 2180 partiverant:
517 2128 750 2178 Metelloque
770 2128 950 2164 Numidia
968 2133 1155 2173 evenerat,
1171 2129 1247 2164 acri
1282 2129 1376 2177 viro,

141 2189 192 2229 et,
225 2181 452 2233 quamquam
494 2183 654 2220 advorso
701 2181 833 2231 populi
875 2182 1056 2231 partibus,
1108 2181 1208 2216 fama
1255 2187 1380 2218 tamen

142 2237 319 2287 aequabili
348 2242 386 2273 et
415 2234 603 2272 inviolata.
674 2235 727 2279 Is,
759 2235 823 2271 ubi
858 2234 1016 2285 primum
1051 2234 1309 2283 magistratum
1327 2235 1382 2271 in-

141 2304 292 2341 gressus
323 2294 392 2336 est,
421 2289 491 2326 alia
512 2289 634 2325 omnia
654 2289 725 2325 sibi
759 2302 841 2325 cum
877 2288 1022 2336 collega
1041 2288 1252 2325 communia
1266 2293 1381 2333 ratus,
