<?xml version="1.0" encoding="UTF-8"?>
<!DOCTYPE html PUBLIC "-//W3C//DTD XHTML 1.0 Transitional//EN"
    "http://www.w3.org/TR/xhtml1/DTD/xhtml1-transitional.dtd">
<html xmlns="http://www.w3.org/1999/xhtml" xml:lang="en" lang="en">
 <head>
  <title>
</title>
<meta http-equiv="Content-Type" content="text/html;charset=utf-8" />
  <meta name='ocr-system' content='tesseract 3.04.00' />
  <meta name='ocr-capabilities' content='ocr_page ocr_carea ocr_par ocr_line ocrx_word'/>
</head>
<body>
  <div class='ocr_page' id='page_1' title='image "./quaeextant00salluoft_0039.png"; bbox 0 0 1492 2531; ppageno 0'>
   <div class='ocr_carea' id='block_1_1' title="bbox 354 83 1309 156">
    <p class='ocr_par' dir='ltr' id='par_1_1' title="bbox 354 83 1309 156">
     <span class='ocr_line' id='line_1_1' title="bbox 354 83 1309 156; baseline -0.004 -1"><span class='ocrx_word' id='word_1_1' title='bbox 354 116 569 156; x_wconf 78' lang='lat' dir='ltr'><strong>BELLUM</strong></span> <span class='ocrx_word' id='word_1_2' title='bbox 606 83 1036 155; x_wconf 55' lang='lat' dir='ltr'><em>cATILINARmMs</em></span> <span class='ocrx_word' id='word_1_3' title='bbox 1264 113 1309 151; x_wconf 88' lang='lat'><em>17</em></span> 
     </span>
    </p>
   </div>
   <div class='ocr_carea' id='block_1_2' title="bbox 74 217 1309 535">
    <p class='ocr_par' dir='ltr' id='par_1_2' title="bbox 74 217 1309 469">
     <span class='ocr_line' id='line_1_2' title="bbox 75 217 1307 279; baseline -0.002 -20"><span class='ocrx_word' id='word_1_4' title='bbox 75 223 124 259; x_wconf 87' lang='lat' dir='ltr'><em>ris</em></span> <span class='ocrx_word' id='word_1_5' title='bbox 155 221 323 259; x_wconf 88' lang='lat' dir='ltr'><em>conscius</em></span> <span class='ocrx_word' id='word_1_6' title='bbox 342 225 462 265; x_wconf 88' lang='lat' dir='ltr'><em>esset;</em></span> <span class='ocrx_word' id='word_1_7' title='bbox 490 220 557 256; x_wconf 88' lang='lat' dir='ltr'><em>sed</em></span> <span class='ocrx_word' id='word_1_8' title='bbox 575 218 629 256; x_wconf 73' lang='lat' dir='ltr'><em>uti</em></span> <span class='ocrx_word' id='word_1_9' title='bbox 664 219 876 279; x_wconf 81' lang='lat' dir='ltr'>respublica</span> <span class='ocrx_word' id='word_1_10' title='bbox 906 218 1031 268; x_wconf 89' lang='lat' dir='ltr'><em>quieta</em></span> <span class='ocrx_word' id='word_1_11' title='bbox 1061 218 1177 264; x_wconf 79' lang='lat' dir='ltr'><em>foret3</em></span> <span class='ocrx_word' id='word_1_12' title='bbox 1212 217 1307 256; x_wconf 77' lang='lat' dir='ltr'><em>neve</em></span> 
     </span>
     <span class='ocr_line' id='line_1_3' title="bbox 74 271 1309 322; baseline -0.002 -10"><span class='ocrx_word' id='word_1_13' title='bbox 74 289 121 312; x_wconf 86' lang='lat' dir='ltr'><em>ex</em></span> <span class='ocrx_word' id='word_1_14' title='bbox 140 289 208 312; x_wconf 81' lang='lat' dir='ltr'><em>sua</em></span> <span class='ocrx_word' id='word_1_15' title='bbox 236 274 468 311; x_wconf 81' lang='lat' dir='ltr'>contentione</span> <span class='ocrx_word' id='word_1_16' title='bbox 489 273 620 309; x_wconf 82' lang='lat' dir='ltr'><em>seditio</em></span> <span class='ocrx_word' id='word_1_17' title='bbox 650 272 815 310; x_wconf 84' lang='lat' dir='ltr'><em>oriretur.</em></span> <span class='ocrx_word' id='word_1_18' title='bbox 869 272 931 309; x_wconf 88' lang='lat' dir='ltr'><em>Ab</em></span> <span class='ocrx_word' id='word_1_19' title='bbox 958 272 1015 308; x_wconf 89' lang='lat' dir='ltr'><em>his</em></span> <span class='ocrx_word' id='word_1_20' title='bbox 1044 271 1157 322; x_wconf 77' lang='lat' dir='ltr'><em>longe</em></span> <span class='ocrx_word' id='word_1_21' title='bbox 1185 271 1309 309; x_wconf 90' lang='lat' dir='ltr'><em>diver-</em></span> 
     </span>
     <span class='ocr_line' id='line_1_4' title="bbox 75 325 1307 375; baseline -0.002 -11"><span class='ocrx_word' id='word_1_22' title='bbox 75 342 136 365; x_wconf 86' lang='lat' dir='ltr'><em>sas</em></span> <span class='ocrx_word' id='word_1_23' title='bbox 154 328 292 365; x_wconf 84' lang='lat' dir='ltr'><strong>litteras</strong></span> <span class='ocrx_word' id='word_1_24' title='bbox 309 326 357 370; x_wconf 85' lang='lat' dir='ltr'><em>Q.</em></span> <span class='ocrx_word' id='word_1_25' title='bbox 379 325 560 363; x_wconf 82' lang='lat' dir='ltr'>Catulus</span> <span class='ocrx_word' id='word_1_26' title='bbox 552 340 589 362; x_wconf 87' lang='lat' dir='ltr'><em>m</em></span> <span class='ocrx_word' id='word_1_27' title='bbox 608 331 713 363; x_wconf 86' lang='lat' dir='ltr'><em>senat</em></span> <span class='ocrx_word' id='word_1_28' title='bbox 732 326 928 362; x_wconf 83' lang='lat' dir='ltr'><em>recitavit·</em></span> <span class='ocrx_word' id='word_1_29' title='bbox 919 339 1049 375; x_wconf 83' lang='lat' dir='ltr'><em>‚quas</em></span> <span class='ocrx_word' id='word_1_30' title='bbox 1070 326 1138 362; x_wconf 91' lang='lat' dir='ltr'><em>sibi</em></span> <span class='ocrx_word' id='word_1_31' title='bbox 1160 325 1307 362; x_wconf 89' lang='lat' dir='ltr'><em>nomine</em></span> 
     </span>
     <span class='ocr_line' id='line_1_5' title="bbox 76 377 1309 429; baseline -0.002 -11"><span class='ocrx_word' id='word_1_32' title='bbox 76 381 243 419; x_wconf 84' lang='lat' dir='ltr'><em>Catilinae</em></span> <span class='ocrx_word' id='word_1_33' title='bbox 275 380 437 417; x_wconf 85' lang='lat' dir='ltr'><em>redditas</em></span> <span class='ocrx_word' id='word_1_34' title='bbox 457 380 615 417; x_wconf 84' lang='lat' dir='ltr'><em>dicebat.</em></span> <span class='ocrx_word' id='word_1_35' title='bbox 671 379 808 415; x_wconf 88' lang='lat' dir='ltr'><em>Earum</em></span> <span class='ocrx_word' id='word_1_36' title='bbox 835 378 1044 429; x_wconf 84' lang='lat' dir='ltr'><em>exemplum</em></span> <span class='ocrx_word' id='word_1_37' title='bbox 1071 377 1167 415; x_wconf 83' lang='lat' dir='ltr'><em>infra</em></span> <span class='ocrx_word' id='word_1_38' title='bbox 1195 379 1309 429; x_wconf 83' lang='lat' dir='ltr'><em>scrip-</em></span> 
     </span>
     <span class='ocr_line' id='line_1_6' title="bbox 94 447 216 469; baseline 0 0"><span class='ocrx_word' id='word_1_39' title='bbox 94 448 114 469; x_wconf 90' lang='lat' dir='ltr'><em>u</em></span> <span class='ocrx_word' id='word_1_40' title='bbox 200 447 216 469; x_wconf 92' lang='lat' dir='ltr'><em>s</em></span> 
     </span>
    </p>

    <p class='ocr_par' dir='ltr' id='par_1_3' title="bbox 76 439 1308 535">
     <span class='ocr_line' id='line_1_7' title="bbox 76 439 1308 535; baseline -0.001 -12"><span class='ocrx_word' id='word_1_41' title='bbox 76 439 90 470; x_wconf 66' lang='lat' dir='ltr'><strong>t</strong></span> <span class='ocrx_word' id='word_1_42' title='bbox 117 439 370 523; x_wconf 49' lang='lat' dir='ltr'><em>nla.e(2lcitilina</em></span> <span class='ocrx_word' id='word_1_43' title='bbox 391 486 437 532; x_wconf 83' lang='lat' dir='ltr'><em>Q.</em></span> <span class='ocrx_word' id='word_1_44' title='bbox 468 484 604 522; x_wconf 81' lang='lat' dir='ltr'><em>Catulo</em></span> <span class='ocrx_word' id='word_1_45' title='bbox 630 484 671 522; x_wconf 89' lang='lat' dir='ltr'><em>S.</em></span> <span class='ocrx_word' id='word_1_46' title='bbox 721 483 900 535; x_wconf 79' lang='lat' dir='ltr'><em>Egregia</em></span> <span class='ocrx_word' id='word_1_47' title='bbox 918 483 1097 534; x_wconf 78' lang='lat' dir='ltr'><em>tuafides,</em></span> <span class='ocrx_word' id='word_1_48' title='bbox 1118 497 1157 522; x_wconf 85' lang='lat' dir='ltr'><em>re</em></span> <span class='ocrx_word' id='word_1_49' title='bbox 1184 485 1308 535; x_wconf 80' lang='lat' dir='ltr'><em>cogni-</em></span> 
     </span>
    </p>
   </div>
   <div class='ocr_carea' id='block_1_3' title="bbox 74 537 1309 591">
    <p class='ocr_par' dir='ltr' id='par_1_4' title="bbox 74 537 1309 591">
     <span class='ocr_line' id='line_1_8' title="bbox 74 537 1309 591; baseline -0.001 -15"><span class='ocrx_word' id='word_1_50' title='bbox 74 544 130 586; x_wconf 81' lang='lat' dir='ltr'><em>ta,</em></span> <span class='ocrx_word' id='word_1_51' title='bbox 158 544 277 591; x_wconf 83' lang='lat' dir='ltr'><em>grata</em></span> <span class='ocrx_word' id='word_1_52' title='bbox 304 538 413 584; x_wconf 75' lang='lat' dir='ltr'><em>mihi,</em></span> <span class='ocrx_word' id='word_1_53' title='bbox 441 540 594 589; x_wconf 80' lang='lat' dir='ltr'><em>magnis</em></span> <span class='ocrx_word' id='word_1_54' title='bbox 620 538 660 575; x_wconf 83' lang='lat' dir='ltr'><em>in</em></span> <span class='ocrx_word' id='word_1_55' title='bbox 677 537 771 574; x_wconf 85' lang='lat' dir='ltr'><em>meis</em></span> <span class='ocrx_word' id='word_1_56' title='bbox 796 538 983 589; x_wconf 83' lang='lat' dir='ltr'><em>periculis</em></span> <span class='ocrx_word' id='word_1_57' title='bbox 1002 537 1186 588; x_wconf 79' lang='lat' dir='ltr'><em>fiduciam</em></span> <span class='ocrx_word' id='word_1_58' title='bbox 1216 552 1309 576; x_wconf 89' lang='lat' dir='ltr'><em>com-</em></span> 
     </span>
    </p>
   </div>
   <div class='ocr_carea' id='block_1_4' title="bbox 16 590 1308 641">
    <p class='ocr_par' dir='ltr' id='par_1_5' title="bbox 16 590 1308 641">
     <span class='ocr_line' id='line_1_9' title="bbox 16 590 1308 641; baseline -0.002 -11"><span class='ocrx_word' id='word_1_59' title='bbox 16 596 22 599; x_wconf 42' lang='lat'><em>*</em></span> <span class='ocrx_word' id='word_1_60' title='bbox 73 593 311 630; x_wconf 82' lang='lat' dir='ltr'><em>mendationi</em></span> <span class='ocrx_word' id='word_1_61' title='bbox 355 606 444 630; x_wconf 80' lang='lat' dir='ltr'><em>meae</em></span> <span class='ocrx_word' id='word_1_62' title='bbox 480 592 627 629; x_wconf 78' lang='lat' dir='ltr'><strong><em>tribuit.</em></strong></span> <span class='ocrx_word' id='word_1_63' title='bbox 707 591 954 637; x_wconf 80' lang='lat' dir='ltr'><em>Quamobrem</em></span> <span class='ocrx_word' id='word_1_64' title='bbox 990 592 1240 641; x_wconf 73' lang='lat' dir='ltr'><em>defensionem</em></span> <span class='ocrx_word' id='word_1_65' title='bbox 1267 590 1308 628; x_wconf 81' lang='lat' dir='ltr'><em>in</em></span> 
     </span>
    </p>
   </div>
   <div class='ocr_carea' id='block_1_5' title="bbox 69 643 1310 2401">
    <p class='ocr_par' dir='ltr' id='par_1_6' title="bbox 69 643 1309 1496">
     <span class='ocr_line' id='line_1_10' title="bbox 73 643 1309 695; baseline -0.002 -12"><span class='ocrx_word' id='word_1_66' title='bbox 73 661 164 684; x_wconf 84' lang='lat' dir='ltr'><em>novo</em></span> <span class='ocrx_word' id='word_1_67' title='bbox 183 645 335 682; x_wconf 81' lang='lat' dir='ltr'><em>consilio</em></span> <span class='ocrx_word' id='word_1_68' title='bbox 358 660 432 683; x_wconf 89' lang='lat' dir='ltr'><em>non</em></span> <span class='ocrx_word' id='word_1_69' title='bbox 464 645 582 682; x_wconf 80' lang='lat' dir='ltr'><em>statui</em></span> <span class='ocrx_word' id='word_1_70' title='bbox 603 657 778 695; x_wconf 81' lang='lat' dir='ltr'><em>parare:</em></span> <span class='ocrx_word' id='word_1_71' title='bbox 814 644 1114 693; x_wconf 80' lang='lat' dir='ltr'><em>satisfactionem</em></span> <span class='ocrx_word' id='word_1_72' title='bbox 1144 659 1186 682; x_wconf 85' lang='lat' dir='ltr'><em>ex</em></span> <span class='ocrx_word' id='word_1_73' title='bbox 1203 643 1309 681; x_wconf 62' lang='lat' dir='ltr'><em>nulla</em></span> 
     </span>
     <span class='ocr_line' id='line_1_11' title="bbox 75 697 1308 749; baseline -0.002 -13"><span class='ocrx_word' id='word_1_74' title='bbox 75 698 306 737; x_wconf 67' lang='lat' dir='ltr'><em>conscientia</em></span> <span class='ocrx_word' id='word_1_75' title='bbox 339 701 379 736; x_wconf 83' lang='lat' dir='ltr'><em>de</em></span> <span class='ocrx_word' id='word_1_76' title='bbox 414 697 524 748; x_wconf 62' lang='lat' dir='ltr'><em>culpe}</em></span> <span class='ocrx_word' id='word_1_77' title='bbox 552 711 761 749; x_wconf 83' lang='lat' dir='ltr'><em>proponere</em></span> <span class='ocrx_word' id='word_1_78' title='bbox 798 698 968 736; x_wconf 78' lang='lat' dir='ltr'><em>decrevi.-</em></span> <span class='ocrx_word' id='word_1_79' title='bbox 999 711 1083 748; x_wconf 78' lang='lat' dir='ltr'><em>quae</em></span> <span class='ocrx_word' id='word_1_80' title='bbox 1118 697 1308 747; x_wconf 82' lang='lat' dir='ltr'><em>mediusfi-</em></span> 
     </span>
     <span class='ocr_line' id='line_1_12' title="bbox 74 751 1309 802; baseline -0.001 -12"><span class='ocrx_word' id='word_1_81' title='bbox 74 751 158 790; x_wconf 74' lang='lat' dir='ltr'><em>diics</em></span> <span class='ocrx_word' id='word_1_82' title='bbox 177 753 264 790; x_wconf 81' lang='lat' dir='ltr'><em>licet</em></span> <span class='ocrx_word' id='word_1_83' title='bbox 292 765 380 789; x_wconf 84' lang='lat' dir='ltr'><em>vera</em></span> <span class='ocrx_word' id='word_1_84' title='bbox 396 766 539 789; x_wconf 80' lang='lat' dir='ltr'><em>mecum</em></span> <span class='ocrx_word' id='word_1_85' title='bbox 556 765 818 801; x_wconf 76' lang='lat' dir='ltr'><em>recognoscas.</em></span> <span class='ocrx_word' id='word_1_86' title='bbox 874 751 1034 802; x_wconf 69' lang='lat' dir='ltr'><em>Injuriis</em></span> <span class='ocrx_word' id='word_1_87' title='bbox 1061 752 1309 789; x_wconf 81' lang='lat' dir='ltr'><em>contumeliis·</em></span> 
     </span>
     <span class='ocr_line' id='line_1_13' title="bbox 81 803 1308 857; baseline 0 -15"><span class='ocrx_word' id='word_1_88' title='bbox 81 820 146 857; x_wconf 82' lang='lat' dir='ltr'><em>que</em></span> <span class='ocrx_word' id='word_1_89' title='bbox 183 805 403 850; x_wconf 78' lang='lat' dir='ltr'><em>concitatus,</em></span> <span class='ocrx_word' id='word_1_90' title='bbox 438 803 548 856; x_wconf 63' lang='lat' dir='ltr'><em>quiid,</em></span> <span class='ocrx_word' id='word_1_91' title='bbox 575 807 715 856; x_wconf 81' lang='lat' dir='ltr'><em>fructu</em></span> <span class='ocrx_word' id='word_1_92' title='bbox 742 804 879 842; x_wconf 80' lang='lat' dir='ltr'><em>laboris</em></span> <span class='ocrx_word' id='word_1_93' title='bbox 916 804 1180 855; x_wconf 63' lang='lat' dir='ltr'><em>industriaeque</em></span> <span class='ocrx_word' id='word_1_94' title='bbox 1216 819 1308 842; x_wconf 82' lang='lat' dir='ltr'><em>meae</em></span> 
     </span>
     <span class='ocr_line' id='line_1_14' title="bbox 72 857 1309 918; baseline -0.001 -22"><span class='ocrx_word' id='word_1_95' title='bbox 72 858 267 911; x_wconf 65' lang='lat' dir='ltr'><em>privatim,</em></span> <span class='ocrx_word' id='word_1_96' title='bbox 296 864 437 896; x_wconf 80' lang='lat' dir='ltr'><em>statum</em></span> <span class='ocrx_word' id='word_1_97' title='bbox 462 858 668 909; x_wconf 78' lang='lat' dir='ltr'><em>dignitatis</em></span> <span class='ocrx_word' id='word_1_98' title='bbox 684 871 757 894; x_wconf 82' lang='lat' dir='ltr'><em>non</em></span> <span class='ocrx_word' id='word_1_99' title='bbox 775 857 996 903; x_wconf 78' lang='lat' dir='ltr'><em>obtinebam,</em></span> <span class='ocrx_word' id='word_1_100' title='bbox 1030 857 1222 918; x_wconf 77' lang='lat' dir='ltr'><em>publicam</em></span> <span class='ocrx_word' id='word_1_101' title='bbox 1240 859 1309 895; x_wconf 87' lang='lat' dir='ltr'><em>mi-</em></span> 
     </span>
     <span class='ocr_line' id='line_1_15' title="bbox 72 911 1307 962; baseline -0.002 -12"><span class='ocrx_word' id='word_1_102' title='bbox 72 926 238 950; x_wconf 80' lang='lat' dir='ltr'><em>serorum</em></span> <span class='ocrx_word' id='word_1_103' title='bbox 262 926 418 950; x_wconf 85' lang='lat' dir='ltr'><em>causam</em></span> <span class='ocrx_word' id='word_1_104' title='bbox 442 926 516 962; x_wconf 86' lang='lat' dir='ltr'><em>pro</em></span> <span class='ocrx_word' id='word_1_105' title='bbox 544 925 627 948; x_wconf 76' lang='lat' dir='ltr'><em>mea</em></span> <span class='ocrx_word' id='word_1_106' title='bbox 645 911 902 948; x_wconf 81' lang='lat' dir='ltr'><em>consuetudine</em></span> <span class='ocrx_word' id='word_1_107' title='bbox 920 911 1091 962; x_wconf 78' lang='lat' dir='ltr'><em>suscepi:</em></span> <span class='ocrx_word' id='word_1_108' title='bbox 1127 925 1200 949; x_wconf 85' lang='lat' dir='ltr'><em>non</em></span> <span class='ocrx_word' id='word_1_109' title='bbox 1218 911 1307 962; x_wconf 82' lang='lat' dir='ltr'><em>quin</em></span> 
     </span>
     <span class='ocr_line' id='line_1_16' title="bbox 74 964 1308 1013; baseline -0.001 -10"><span class='ocrx_word' id='word_1_110' title='bbox 74 980 126 1004; x_wconf 80' lang='lat' dir='ltr'><em>aes</em></span> <span class='ocrx_word' id='word_1_111' title='bbox 161 965 322 1003; x_wconf 83' lang='lat' dir='ltr'><em>alienum</em></span> <span class='ocrx_word' id='word_1_112' title='bbox 365 965 460 1002; x_wconf 87' lang='lat' dir='ltr'><em>meis</em></span> <span class='ocrx_word' id='word_1_113' title='bbox 497 964 710 1002; x_wconf 79' lang='lat' dir='ltr'><em>nominibus</em></span> <span class='ocrx_word' id='word_1_114' title='bbox 747 979 788 1002; x_wconf 82' lang='lat' dir='ltr'><em>ex</em></span> <span class='ocrx_word' id='word_1_115' title='bbox 831 965 1124 1013; x_wconf 77' lang='lat' dir='ltr'><em>possessionibus</em></span> <span class='ocrx_word' id='word_1_116' title='bbox 1166 965 1308 1003; x_wconf 71' lang='lat' dir='ltr'><em>solvere</em></span> 
     </span>
     <span class='ocr_line' id='line_1_17' title="bbox 69 1017 1309 1070; baseline -0.002 -14"><span class='ocrx_word' id='word_1_117' title='bbox 69 1031 242 1070; x_wconf 87' lang='lat' dir='ltr'><em>possem;</em></span> <span class='ocrx_word' id='word_1_118' title='bbox 278 1018 361 1056; x_wconf 69' lang='lat' dir='ltr'><em>ciem</em></span> <span class='ocrx_word' id='word_1_119' title='bbox 398 1018 531 1056; x_wconf 85' lang='lat' dir='ltr'><em>alienis</em></span> <span class='ocrx_word' id='word_1_120' title='bbox 557 1017 767 1055; x_wconf 80' lang='lat' dir='ltr'><em>nominibus</em></span> <span class='ocrx_word' id='word_1_121' title='bbox 796 1018 1004 1056; x_wconf 76' lang='lat' dir='ltr'><em>liberalitas</em></span> <span class='ocrx_word' id='word_1_122' title='bbox 1022 1018 1191 1056; x_wconf 66' lang='lat' dir='ltr'><em>Aureliae</em></span> <span class='ocrx_word' id='word_1_123' title='bbox 1219 1018 1309 1055; x_wconf 88' lang='lat' dir='ltr'><em>Ore·</em></span> 
     </span>
     <span class='ocr_line' id='line_1_18' title="bbox 72 1071 1308 1123; baseline -0.001 -14"><span class='ocrx_word' id='word_1_124' title='bbox 72 1072 190 1110; x_wconf 78' lang='lat' dir='ltr'><em>stillae</em></span> <span class='ocrx_word' id='word_1_125' title='bbox 221 1072 299 1109; x_wconf 82' lang='lat' dir='ltr'><em>suis</em></span> <span class='ocrx_word' id='word_1_126' title='bbox 331 1071 495 1123; x_wconf 68' lang='lat' dir='ltr'><em>filiaeque</em></span> <span class='ocrx_word' id='word_1_127' title='bbox 543 1072 661 1122; x_wconf 82' lang='lat' dir='ltr'><em>copiis</em></span> <span class='ocrx_word' id='word_1_128' title='bbox 705 1073 949 1121; x_wconf 81' lang='lat' dir='ltr'><em>persolveret:</em></span> <span class='ocrx_word' id='word_1_129' title='bbox 991 1074 1054 1109; x_wconf 84' lang='lat' dir='ltr'><em>sed</em></span> <span class='ocrx_word' id='word_1_130' title='bbox 1097 1071 1196 1123; x_wconf 78' lang='lat' dir='ltr'><em>qubd</em></span> <span class='ocrx_word' id='word_1_131' title='bbox 1233 1085 1308 1108; x_wconf 75' lang='lat' dir='ltr'><em>non</em></span> 
     </span>
     <span class='ocr_line' id='line_1_19' title="bbox 72 1125 1307 1178; baseline -0.002 -15"><span class='ocrx_word' id='word_1_132' title='bbox 72 1125 208 1178; x_wconf 76' lang='lat' dir='ltr'><em>dignos</em></span> <span class='ocrx_word' id='word_1_133' title='bbox 243 1125 411 1163; x_wconf 74' lang='lat' dir='ltr'><em>homines</em></span> <span class='ocrx_word' id='word_1_134' title='bbox 437 1125 573 1162; x_wconf 73' lang='lat' dir='ltr'><em>honore</em></span> <span class='ocrx_word' id='word_1_135' title='bbox 602 1125 818 1163; x_wconf 72' lang='lat' dir='ltr'><em>honestatos</em></span> <span class='ocrx_word' id='word_1_136' title='bbox 847 1125 1031 1172; x_wconf 79' lang='lat' dir='ltr'><em>videbam,</em></span> <span class='ocrx_word' id='word_1_137' title='bbox 1058 1140 1173 1176; x_wconf 78' lang='lat' dir='ltr'><em>neque</em></span> <span class='ocrx_word' id='word_1_138' title='bbox 1192 1126 1307 1175; x_wconf 81' lang='lat' dir='ltr'><em>falsa</em></span> 
     </span>
     <span class='ocr_line' id='line_1_20' title="bbox 73 1178 1308 1229; baseline -0.001 -13"><span class='ocrx_word' id='word_1_139' title='bbox 73 1179 279 1229; x_wconf 77' lang='lat' dir='ltr'><em>suspicione</em></span> <span class='ocrx_word' id='word_1_140' title='bbox 315 1179 519 1216; x_wconf 77' lang='lat' dir='ltr'><em>alienatam</em></span> <span class='ocrx_word' id='word_1_141' title='bbox 551 1192 625 1215; x_wconf 80' lang='lat' dir='ltr'><em>esse</em></span> <span class='ocrx_word' id='word_1_142' title='bbox 652 1179 867 1217; x_wconf 80' lang='lat' dir='ltr'><em>sentiebam.</em></span> <span class='ocrx_word' id='word_1_143' title='bbox 916 1178 998 1215; x_wconf 87' lang='lat' dir='ltr'><em>Hoc</em></span> <span class='ocrx_word' id='word_1_144' title='bbox 1029 1179 1176 1216; x_wconf 82' lang='lat' dir='ltr'><em>nomine</em></span> <span class='ocrx_word' id='word_1_145' title='bbox 1207 1178 1308 1215; x_wconf 83' lang='lat' dir='ltr'><em>satis</em></span> 
     </span>
     <span class='ocr_line' id='line_1_21' title="bbox 73 1231 1307 1283; baseline 0 -15"><span class='ocrx_word' id='word_1_146' title='bbox 73 1231 249 1269; x_wconf 74' lang='lat' dir='ltr'><em>honestas</em></span> <span class='ocrx_word' id='word_1_147' title='bbox 280 1246 350 1283; x_wconf 81' lang='lat' dir='ltr'><em>pro</em></span> <span class='ocrx_word' id='word_1_148' title='bbox 383 1245 462 1269; x_wconf 90' lang='lat' dir='ltr'><em>meo</em></span> <span class='ocrx_word' id='word_1_149' title='bbox 500 1245 591 1268; x_wconf 82' lang='lat' dir='ltr'><em>casu</em></span> <span class='ocrx_word' id='word_1_150' title='bbox 620 1245 704 1281; x_wconf 86' lang='lat' dir='ltr'><em>spes</em></span> <span class='ocrx_word' id='word_1_151' title='bbox 740 1232 889 1283; x_wconf 70' lang='lat' dir='ltr'><em>reliqua?</em></span> <span class='ocrx_word' id='word_1_152' title='bbox 922 1231 1123 1282; x_wconf 77' lang='lat' dir='ltr'><em>dignitatis</em></span> <span class='ocrx_word' id='word_1_153' title='bbox 1156 1245 1307 1270; x_wconf 78' lang='lat' dir='ltr'><em>conser-</em></span> 
     </span>
     <span class='ocr_line' id='line_1_22' title="bbox 73 1284 1306 1331; baseline 0.001 -10"><span class='ocrx_word' id='word_1_154' title='bbox 73 1286 204 1323; x_wconf 75' lang='lat' dir='ltr'><em>vandae</em></span> <span class='ocrx_word' id='word_1_155' title='bbox 235 1299 315 1322; x_wconf 82' lang='lat' dir='ltr'><em>sum</em></span> <span class='ocrx_word' id='word_1_156' title='bbox 345 1289 498 1322; x_wconf 78' lang='lat' dir='ltr'><em>secutus.</em></span> <span class='ocrx_word' id='word_1_157' title='bbox 566 1284 684 1321; x_wconf 81' lang='lat' dir='ltr'><em>Plura</em></span> <span class='ocrx_word' id='word_1_158' title='bbox 711 1285 793 1322; x_wconf 70' lang='lat' dir='ltr'><em>ciem</em></span> <span class='ocrx_word' id='word_1_159' title='bbox 827 1284 986 1321; x_wconf 85' lang='lat' dir='ltr'><em>scribere</em></span> <span class='ocrx_word' id='word_1_160' title='bbox 1027 1285 1172 1331; x_wconf 88' lang='lat' dir='ltr'><em>vellem,</em></span> <span class='ocrx_word' id='word_1_161' title='bbox 1210 1299 1306 1322; x_wconf 80' lang='lat' dir='ltr'><em>nun·</em></span> 
     </span>
     <span class='ocr_line' id='line_1_23' title="bbox 73 1337 1308 1387; baseline 0.001 -13"><span class='ocrx_word' id='word_1_162' title='bbox 73 1338 217 1376; x_wconf 82' lang='lat' dir='ltr'><em>ciatum</em></span> <span class='ocrx_word' id='word_1_163' title='bbox 249 1343 301 1375; x_wconf 79' lang='lat' dir='ltr'><em>est</em></span> <span class='ocrx_word' id='word_1_164' title='bbox 331 1338 406 1375; x_wconf 81' lang='lat' dir='ltr'><em>vim</em></span> <span class='ocrx_word' id='word_1_165' title='bbox 437 1337 534 1374; x_wconf 75' lang='lat' dir='ltr'><em>milti</em></span> <span class='ocrx_word' id='word_1_166' title='bbox 548 1337 692 1387; x_wconf 83' lang='lat' dir='ltr'><em>parari.</em></span> <span class='ocrx_word' id='word_1_167' title='bbox 747 1338 859 1375; x_wconf 79' lang='lat' dir='ltr'><em>Nunc</em></span> <span class='ocrx_word' id='word_1_168' title='bbox 880 1337 1093 1387; x_wconf 76' lang='lat' dir='ltr'><em>Orestillam</em></span> <span class='ocrx_word' id='word_1_169' title='bbox 1120 1337 1191 1375; x_wconf 85' lang='lat' dir='ltr'><em>tibi</em></span> <span class='ocrx_word' id='word_1_170' title='bbox 1210 1352 1308 1375; x_wconf 82' lang='lat' dir='ltr'><em>com·</em></span> 
     </span>
     <span class='ocr_line' id='line_1_24' title="bbox 72 1390 1308 1443; baseline 0.001 -15"><span class='ocrx_word' id='word_1_171' title='bbox 72 1394 215 1437; x_wconf 81' lang='lat' dir='ltr'><em>mendo,</em></span> <span class='ocrx_word' id='word_1_172' title='bbox 234 1396 373 1443; x_wconf 65' lang='lat' dir='ltr'><em>tuaque</em></span> <span class='ocrx_word' id='word_1_173' title='bbox 381 1391 476 1441; x_wconf 82' lang='lat' dir='ltr'><em>fidei</em></span> <span class='ocrx_word' id='word_1_174' title='bbox 494 1391 625 1437; x_wconf 79' lang='lat' dir='ltr'><em>trado:</em></span> <span class='ocrx_word' id='word_1_175' title='bbox 659 1406 742 1429; x_wconf 85' lang='lat' dir='ltr'><em>eam</em></span> <span class='ocrx_word' id='word_1_176' title='bbox 772 1393 818 1428; x_wconf 88' lang='lat' dir='ltr'><em>ab</em></span> <span class='ocrx_word' id='word_1_177' title='bbox 848 1390 992 1442; x_wconf 67' lang='lat' dir='ltr'><em>injuria</em></span> <span class='ocrx_word' id='word_1_178' title='bbox 1018 1391 1208 1441; x_wconf 83' lang='lat' dir='ltr'><em>defendas,</em></span> <span class='ocrx_word' id='word_1_179' title='bbox 1234 1406 1308 1443; x_wconf 77' lang='lat' dir='ltr'><em>per</em></span> 
     </span>
     <span class='ocr_line' id='line_1_25' title="bbox 75 1444 716 1496; baseline 0.002 -14"><span class='ocrx_word' id='word_1_180' title='bbox 75 1444 213 1482; x_wconf 61' lang='lat' dir='ltr'><em>libeios</em></span> <span class='ocrx_word' id='word_1_181' title='bbox 232 1449 313 1483; x_wconf 81' lang='lat' dir='ltr'><em>tuos</em></span> <span class='ocrx_word' id='word_1_182' title='bbox 331 1449 501 1496; x_wconf 81' lang='lat' dir='ltr'><em>rogatus.</em></span> <span class='ocrx_word' id='word_1_183' title='bbox 552 1445 716 1483; x_wconf 86' lang='lat' dir='ltr'><em>Haveto.</em></span> 
     </span>
    </p>

    <p class='ocr_par' dir='ltr' id='par_1_7' title="bbox 73 1497 1310 2401">
     <span class='ocr_line' id='line_1_26' title="bbox 127 1497 1305 1548; baseline 0 -13"><span class='ocrx_word' id='word_1_184' title='bbox 127 1497 202 1536; x_wconf 90' lang='lat' dir='ltr'><em>Sed</em></span> <span class='ocrx_word' id='word_1_185' title='bbox 220 1499 313 1548; x_wconf 87' lang='lat' dir='ltr'><em>ipse,</em></span> <span class='ocrx_word' id='word_1_186' title='bbox 341 1512 480 1548; x_wconf 88' lang='lat' dir='ltr'><em>paucos</em></span> <span class='ocrx_word' id='word_1_187' title='bbox 513 1498 593 1535; x_wconf 31' lang='lat' dir='ltr'><em>dies*</em></span> <span class='ocrx_word' id='word_1_188' title='bbox 617 1503 863 1536; x_wconf 81' lang='lat' dir='ltr'><em>commoratus</em></span> <span class='ocrx_word' id='word_1_189' title='bbox 892 1499 990 1547; x_wconf 88' lang='lat' dir='ltr'><em>apud</em></span> <span class='ocrx_word' id='word_1_190' title='bbox 1021 1499 1063 1536; x_wconf 88' lang='lat' dir='ltr'><em>C.</em></span> <span class='ocrx_word' id='word_1_191' title='bbox 1083 1498 1305 1535; x_wconf 84' lang='lat' dir='ltr'><em>Flaminium</em></span> 
     </span>
     <span class='ocr_line' id='line_1_27' title="bbox 73 1551 1308 1602; baseline 0 -14"><span class='ocrx_word' id='word_1_192' title='bbox 73 1552 111 1589; x_wconf 92' lang='lat' dir='ltr'><em>in</em></span> <span class='ocrx_word' id='word_1_193' title='bbox 145 1565 236 1602; x_wconf 86' lang='lat' dir='ltr'><em>agro</em></span> <span class='ocrx_word' id='word_1_194' title='bbox 264 1552 438 1597; x_wconf 87' lang='lat' dir='ltr'><em>Reatino,</em></span> <span class='ocrx_word' id='word_1_195' title='bbox 471 1552 558 1588; x_wconf 90' lang='lat' dir='ltr'><em>dum</em></span> <span class='ocrx_word' id='word_1_196' title='bbox 577 1551 813 1596; x_wconf 82' lang='lat' dir='ltr'><em>vicinitatem,</em></span> <span class='ocrx_word' id='word_1_197' title='bbox 845 1551 955 1589; x_wconf 63' lang='lat' dir='ltr'><em>antea</em></span> <span class='ocrx_word' id='word_1_198' title='bbox 986 1551 1220 1597; x_wconf 79' lang='lat' dir='ltr'><em>solicitatam,</em></span> <span class='ocrx_word' id='word_1_199' title='bbox 1250 1565 1308 1588; x_wconf 87' lang='lat' dir='ltr'><em>ar-</em></span> 
     </span>
     <span class='ocr_line' id='line_1_28' title="bbox 74 1604 1307 1655; baseline 0.001 -13"><span class='ocrx_word' id='word_1_200' title='bbox 74 1605 144 1642; x_wconf 90' lang='lat' dir='ltr'><em>mis</em></span> <span class='ocrx_word' id='word_1_201' title='bbox 173 1611 339 1651; x_wconf 82' lang='lat' dir='ltr'><em>exornat,</em></span> <span class='ocrx_word' id='word_1_202' title='bbox 366 1619 449 1642; x_wconf 89' lang='lat' dir='ltr'><em>cum</em></span> <span class='ocrx_word' id='word_1_203' title='bbox 482 1605 645 1642; x_wconf 85' lang='lat' dir='ltr'><em>fascibus</em></span> <span class='ocrx_word' id='word_1_204' title='bbox 674 1612 785 1655; x_wconf 86' lang='lat' dir='ltr'><em>atque</em></span> <span class='ocrx_word' id='word_1_205' title='bbox 813 1604 893 1641; x_wconf 85' lang='lat' dir='ltr'><em>aliis</em></span> <span class='ocrx_word' id='word_1_206' title='bbox 926 1605 1070 1654; x_wconf 87' lang='lat' dir='ltr'><em>imperii</em></span> <span class='ocrx_word' id='word_1_207' title='bbox 1097 1605 1307 1655; x_wconf 81' lang='lat' dir='ltr'><em>insignibus</em></span> 
     </span>
     <span class='ocr_line' id='line_1_29' title="bbox 74 1657 1306 1696; baseline 0 -1"><span class='ocrx_word' id='word_1_208' title='bbox 74 1658 112 1694; x_wconf 86' lang='lat' dir='ltr'><em>in</em></span> <span class='ocrx_word' id='word_1_209' title='bbox 131 1664 251 1695; x_wconf 87' lang='lat' dir='ltr'><em>castra</em></span> <span class='ocrx_word' id='word_1_210' title='bbox 277 1660 336 1695; x_wconf 89' lang='lat' dir='ltr'><em>ad·</em></span> <span class='ocrx_word' id='word_1_211' title='bbox 357 1658 537 1695; x_wconf 85' lang='lat' dir='ltr'><em>Manlium</em></span> <span class='ocrx_word' id='word_1_212' title='bbox 569 1659 770 1696; x_wconf 85' lang='lat' dir='ltr'><em>contendit.</em></span> <span class='ocrx_word' id='word_1_213' title='bbox 824 1658 917 1695; x_wconf 81' lang='lat' dir='ltr'><em>Haec</em></span> <span class='ocrx_word' id='word_1_214' title='bbox 943 1659 1008 1695; x_wconf 91' lang='lat' dir='ltr'><em>ubi</em></span> <span class='ocrx_word' id='word_1_215' title='bbox 1042 1657 1171 1695; x_wconf 85' lang='lat' dir='ltr'><em>Romae</em></span> <span class='ocrx_word' id='word_1_216' title='bbox 1203 1672 1306 1696; x_wconf 89' lang='lat' dir='ltr'><em>com-</em></span> 
     </span>
     <span class='ocr_line' id='line_1_30' title="bbox 75 1711 1309 1762; baseline 0 -14"><span class='ocrx_word' id='word_1_217' title='bbox 75 1717 182 1761; x_wconf 84' lang='lat' dir='ltr'><em>perta</em></span> <span class='ocrx_word' id='word_1_218' title='bbox 216 1717 327 1753; x_wconf 87' lang='lat' dir='ltr'><em>sunt;</em></span> <span class='ocrx_word' id='word_1_219' title='bbox 356 1717 505 1748; x_wconf 87' lang='lat' dir='ltr'><em>senatus</em></span> <span class='ocrx_word' id='word_1_220' title='bbox 543 1711 741 1749; x_wconf 81' lang='lat' dir='ltr'><em>Catilinam</em></span> <span class='ocrx_word' id='word_1_221' title='bbox 771 1716 808 1748; x_wconf 84' lang='lat' dir='ltr'><em>et</em></span> <span class='ocrx_word' id='word_1_222' title='bbox 843 1711 1026 1748; x_wconf 86' lang='lat' dir='ltr'><em>Manlium</em></span> <span class='ocrx_word' id='word_1_223' title='bbox 1056 1712 1184 1749; x_wconf 86' lang='lat' dir='ltr'><em>hostes</em></span> <span class='ocrx_word' id='word_1_224' title='bbox 1212 1712 1309 1762; x_wconf 89' lang='lat' dir='ltr'><em>judi-</em></span> 
     </span>
     <span class='ocr_line' id='line_1_31' title="bbox 76 1764 1307 1814; baseline 0.001 -13"><span class='ocrx_word' id='word_1_225' title='bbox 76 1770 159 1810; x_wconf 82' lang='lat' dir='ltr'><em>cat3</em></span> <span class='ocrx_word' id='word_1_226' title='bbox 193 1770 336 1802; x_wconf 81' lang='lat' dir='ltr'><em>caeterae</em></span> <span class='ocrx_word' id='word_1_227' title='bbox 368 1765 589 1802; x_wconf 85' lang='lat' dir='ltr'><em>multitudini</em></span> <span class='ocrx_word' id='word_1_228' title='bbox 624 1765 721 1802; x_wconf 90' lang='lat' dir='ltr'><em>diem</em></span> <span class='ocrx_word' id='word_1_229' title='bbox 750 1764 889 1809; x_wconf 81' lang='lat' dir='ltr'><em>statuit,</em></span> <span class='ocrx_word' id='word_1_230' title='bbox 921 1771 1004 1802; x_wconf 88' lang='lat' dir='ltr'><em>ante</em></span> <span class='ocrx_word' id='word_1_231' title='bbox 1037 1779 1147 1814; x_wconf 89' lang='lat' dir='ltr'><em>quam</em></span> <span class='ocrx_word' id='word_1_232' title='bbox 1178 1765 1307 1802; x_wconf 87' lang='lat' dir='ltr'><em>liceret</em></span> 
     </span>
     <span class='ocr_line' id='line_1_32' title="bbox 75 1816 1307 1867; baseline 0.002 -14"><span class='ocrx_word' id='word_1_233' title='bbox 75 1818 153 1855; x_wconf 88' lang='lat' dir='ltr'><em>sine</em></span> <span class='ocrx_word' id='word_1_234' title='bbox 179 1818 307 1855; x_wconf 83' lang='lat' dir='ltr'><em>fraude</em></span> <span class='ocrx_word' id='word_1_235' title='bbox 326 1819 373 1855; x_wconf 89' lang='lat' dir='ltr'><em>ab</em></span> <span class='ocrx_word' id='word_1_236' title='bbox 402 1819 512 1855; x_wconf 87' lang='lat' dir='ltr'><em>armis</em></span> <span class='ocrx_word' id='word_1_237' title='bbox 545 1818 751 1865; x_wconf 76' lang='lat' dir='ltr'><em>discedere,</em></span> <span class='ocrx_word' id='word_1_238' title='bbox 779 1816 917 1866; x_wconf 69' lang='lat' dir='ltr'><em>praeter</em></span> <span class='ocrx_word' id='word_1_239' title='bbox 945 1831 1065 1855; x_wconf 83' lang='lat' dir='ltr'><em>rerum</em></span> <span class='ocrx_word' id='word_1_240' title='bbox 1094 1818 1307 1867; x_wconf 82' lang='lat' dir='ltr'><em>capitalium</em></span> 
     </span>
     <span class='ocr_line' id='line_1_33' title="bbox 74 1869 1307 1917; baseline 0.001 -10"><span class='ocrx_word' id='word_1_241' title='bbox 74 1871 342 1908; x_wconf 86' lang='lat' dir='ltr'><em>condemnatis.</em></span> <span class='ocrx_word' id='word_1_242' title='bbox 397 1870 584 1909; x_wconf 66' lang='lat' dir='ltr'><em>Praeterea</em></span> <span class='ocrx_word' id='word_1_243' title='bbox 615 1872 793 1917; x_wconf 85' lang='lat' dir='ltr'><em>decernit,</em></span> <span class='ocrx_word' id='word_1_244' title='bbox 820 1869 872 1907; x_wconf 70' lang='lat' dir='ltr'><em>uti</em></span> <span class='ocrx_word' id='word_1_245' title='bbox 898 1871 1083 1917; x_wconf 85' lang='lat' dir='ltr'><em>consules,</em></span> <span class='ocrx_word' id='word_1_246' title='bbox 1121 1871 1307 1909; x_wconf 87' lang='lat' dir='ltr'><em>delectum</em></span> 
     </span>
     <span class='ocr_line' id='line_1_34' title="bbox 74 1923 1308 1974; baseline 0.001 -14"><span class='ocrx_word' id='word_1_247' title='bbox 74 1924 257 1962; x_wconf 82' lang='lat' dir='ltr'><em>habeant:</em></span> <span class='ocrx_word' id='word_1_248' title='bbox 289 1924 474 1961; x_wconf 86' lang='lat' dir='ltr'><em>Antonius</em></span> <span class='ocrx_word' id='word_1_249' title='bbox 504 1938 587 1961; x_wconf 89' lang='lat' dir='ltr'><em>cum</em></span> <span class='ocrx_word' id='word_1_250' title='bbox 616 1925 779 1962; x_wconf 89' lang='lat' dir='ltr'><em>exercitu</em></span> <span class='ocrx_word' id='word_1_251' title='bbox 811 1923 1007 1962; x_wconf 83' lang='lat' dir='ltr'><em>Catilinam</em></span> <span class='ocrx_word' id='word_1_252' title='bbox 1027 1925 1199 1974; x_wconf 89' lang='lat' dir='ltr'><em>persequi</em></span> <span class='ocrx_word' id='word_1_253' title='bbox 1228 1938 1308 1962; x_wconf 86' lang='lat' dir='ltr'><em>ma·</em></span> 
     </span>
     <span class='ocr_line' id='line_1_35' title="bbox 75 1977 1308 2027; baseline 0.002 -14"><span class='ocrx_word' id='word_1_254' title='bbox 75 1983 195 2023; x_wconf 80' lang='lat' dir='ltr'><em>turet3</em></span> <span class='ocrx_word' id='word_1_255' title='bbox 232 1978 364 2015; x_wconf 89' lang='lat' dir='ltr'><em>Cicero</em></span> <span class='ocrx_word' id='word_1_256' title='bbox 408 1979 491 2014; x_wconf 83' lang='lat' dir='ltr'><em>urbi</em></span> <span class='ocrx_word' id='word_1_257' title='bbox 525 1978 699 2027; x_wconf 84' lang='lat' dir='ltr'><em>praesidio</em></span> <span class='ocrx_word' id='word_1_258' title='bbox 736 1979 793 2015; x_wconf 88' lang='lat' dir='ltr'><em>sit.</em></span> <span class='ocrx_word' id='word_1_259' title='bbox 863 1977 920 2013; x_wconf 62' lang='lat' dir='ltr'><em>Ea</em></span> <span class='ocrx_word' id='word_1_260' title='bbox 955 1983 1175 2027; x_wconf 83' lang='lat' dir='ltr'><em>tempestate</em></span> <span class='ocrx_word' id='word_1_261' title='bbox 1219 1979 1308 2016; x_wconf 86' lang='lat' dir='ltr'><em>mihi</em></span> 
     </span>
     <span class='ocr_line' id='line_1_36' title="bbox 74 2029 1310 2080; baseline 0.002 -13"><span class='ocrx_word' id='word_1_262' title='bbox 74 2031 266 2080; x_wconf 85' lang='lat' dir='ltr'><em>imperium</em></span> <span class='ocrx_word' id='word_1_263' title='bbox 296 2030 425 2080; x_wconf 91' lang='lat' dir='ltr'><em>populi</em></span> <span class='ocrx_word' id='word_1_264' title='bbox 463 2031 623 2067; x_wconf 87' lang='lat' dir='ltr'><em>Romani</em></span> <span class='ocrx_word' id='word_1_265' title='bbox 658 2029 776 2068; x_wconf 79' lang='lat' dir='ltr'><em>multo</em></span> <span class='ocrx_word' id='word_1_266' title='bbox 810 2030 980 2068; x_wconf 75' lang='lat' dir='ltr'><em>maxume</em></span> <span class='ocrx_word' id='word_1_267' title='bbox 1016 2031 1223 2068; x_wconf 85' lang='lat' dir='ltr'><em>miserabile</em></span> <span class='ocrx_word' id='word_1_268' title='bbox 1254 2032 1310 2069; x_wconf 89' lang='lat' dir='ltr'><em>vi-</em></span> 
     </span>
     <span class='ocr_line' id='line_1_37' title="bbox 76 2084 1308 2122; baseline 0.002 -2"><span class='ocrx_word' id='word_1_269' title='bbox 76 2097 156 2120; x_wconf 90' lang='lat' dir='ltr'><em>sum</em></span> <span class='ocrx_word' id='word_1_270' title='bbox 175 2089 253 2121; x_wconf 82' lang='lat' dir='ltr'><em>est:</em></span> <span class='ocrx_word' id='word_1_271' title='bbox 293 2084 352 2120; x_wconf 85' lang='lat' dir='ltr'><em>cui</em></span> <span class='ocrx_word' id='word_1_272' title='bbox 371 2084 455 2120; x_wconf 74' lang='lat' dir='ltr'><em>cum</em></span> <span class='ocrx_word' id='word_1_273' title='bbox 487 2085 534 2120; x_wconf 88' lang='lat' dir='ltr'><em>ad</em></span> <span class='ocrx_word' id='word_1_274' title='bbox 567 2098 741 2121; x_wconf 89' lang='lat' dir='ltr'><em>occasum</em></span> <span class='ocrx_word' id='word_1_275' title='bbox 761 2085 808 2121; x_wconf 91' lang='lat' dir='ltr'><em>ab</em></span> <span class='ocrx_word' id='word_1_276' title='bbox 834 2087 916 2121; x_wconf 82' lang='lat' dir='ltr'><em>ortu</em></span> <span class='ocrx_word' id='word_1_277' title='bbox 936 2084 1024 2121; x_wconf 90' lang='lat' dir='ltr'><em>solis</em></span> <span class='ocrx_word' id='word_1_278' title='bbox 1044 2085 1166 2122; x_wconf 91' lang='lat' dir='ltr'><em>omnia</em></span> <span class='ocrx_word' id='word_1_279' title='bbox 1195 2085 1308 2122; x_wconf 86' lang='lat' dir='ltr'><em>domi·</em></span> 
     </span>
     <span class='ocr_line' id='line_1_38' title="bbox 75 2135 1308 2188; baseline 0.001 -15"><span class='ocrx_word' id='word_1_280' title='bbox 75 2143 114 2173; x_wconf 88' lang='lat' dir='ltr'><em>ta</em></span> <span class='ocrx_word' id='word_1_281' title='bbox 130 2138 240 2174; x_wconf 88' lang='lat' dir='ltr'><em>armis</em></span> <span class='ocrx_word' id='word_1_282' title='bbox 269 2142 458 2186; x_wconf 85' lang='lat' dir='ltr'><em>paterent3</em></span> <span class='ocrx_word' id='word_1_283' title='bbox 491 2135 590 2173; x_wconf 74' lang='lat' dir='ltr'><em>domi</em></span> <span class='ocrx_word' id='word_1_284' title='bbox 617 2138 728 2174; x_wconf 84' lang='lat' dir='ltr'><em>otium</em></span> <span class='ocrx_word' id='word_1_285' title='bbox 750 2143 860 2187; x_wconf 83' lang='lat' dir='ltr'><em>atque</em></span> <span class='ocrx_word' id='word_1_286' title='bbox 892 2138 1042 2180; x_wconf 85' lang='lat' dir='ltr'><em>divitiae,</em></span> <span class='ocrx_word' id='word_1_287' title='bbox 1075 2151 1158 2187; x_wconf 78' lang='lat' dir='ltr'><em>quae</em></span> <span class='ocrx_word' id='word_1_288' title='bbox 1189 2138 1308 2188; x_wconf 85' lang='lat' dir='ltr'><em>prima</em></span> 
     </span>
     <span class='ocr_line' id='line_1_39' title="bbox 76 2189 1307 2241; baseline 0.002 -15"><span class='ocrx_word' id='word_1_289' title='bbox 76 2190 248 2228; x_wconf 85' lang='lat' dir='ltr'><em>mortales</em></span> <span class='ocrx_word' id='word_1_290' title='bbox 278 2195 423 2240; x_wconf 81' lang='lat' dir='ltr'><em>putant,</em></span> <span class='ocrx_word' id='word_1_291' title='bbox 442 2191 653 2236; x_wconf 85' lang='lat' dir='ltr'><em>affluerent3</em></span> <span class='ocrx_word' id='word_1_292' title='bbox 690 2189 792 2227; x_wconf 69' lang='lat' dir='ltr'><em>fuere</em></span> <span class='ocrx_word' id='word_1_293' title='bbox 812 2196 935 2227; x_wconf 80' lang='lat' dir='ltr'><em>tamen</em></span> <span class='ocrx_word' id='word_1_294' title='bbox 955 2192 1069 2236; x_wconf 87' lang='lat' dir='ltr'><em>cives,</em></span> <span class='ocrx_word' id='word_1_295' title='bbox 1099 2191 1162 2241; x_wconf 89' lang='lat' dir='ltr'><em>qui</em></span> <span class='ocrx_word' id='word_1_296' title='bbox 1191 2204 1307 2241; x_wconf 84' lang='lat' dir='ltr'><em>seque</em></span> 
     </span>
     <span class='ocr_line' id='line_1_40' title="bbox 77 2243 1306 2293; baseline 0 -13"><span class='ocrx_word' id='word_1_297' title='bbox 77 2257 228 2292; x_wconf 91' lang='lat' dir='ltr'><em>remque</em></span> <span class='ocrx_word' id='word_1_298' title='bbox 254 2243 439 2293; x_wconf 85' lang='lat' dir='ltr'><em>publicam</em></span> <span class='ocrx_word' id='word_1_299' title='bbox 461 2243 655 2280; x_wconf 87' lang='lat' dir='ltr'><em>obstinatis</em></span> <span class='ocrx_word' id='word_1_300' title='bbox 674 2245 802 2280; x_wconf 82' lang='lat' dir='ltr'><em>animis</em></span> <span class='ocrx_word' id='word_1_301' title='bbox 822 2244 1006 2293; x_wconf 89' lang='lat' dir='ltr'><em>perditum</em></span> <span class='ocrx_word' id='word_1_302' title='bbox 1025 2246 1132 2282; x_wconf 84' lang='lat' dir='ltr'><em>irent.</em></span> <span class='ocrx_word' id='word_1_303' title='bbox 1187 2244 1306 2281; x_wconf 90' lang='lat' dir='ltr'><em>Nam-</em></span> 
     </span>
     <span class='ocr_line' id='line_1_41' title="bbox 77 2296 1306 2347; baseline 0.002 -15"><span class='ocrx_word' id='word_1_304' title='bbox 77 2310 162 2346; x_wconf 87' lang='lat' dir='ltr'><em>que,</em></span> <span class='ocrx_word' id='word_1_305' title='bbox 196 2296 338 2333; x_wconf 89' lang='lat' dir='ltr'><em>duobos</em></span> <span class='ocrx_word' id='word_1_306' title='bbox 370 2297 486 2333; x_wconf 83' lang='lat' dir='ltr'><em>senati</em></span> <span class='ocrx_word' id='word_1_307' title='bbox 515 2297 687 2342; x_wconf 85' lang='lat' dir='ltr'><em>decretis,</em></span> <span class='ocrx_word' id='word_1_308' title='bbox 715 2311 761 2333; x_wconf 87' lang='lat' dir='ltr'><em>ex</em></span> <span class='ocrx_word' id='word_1_309' title='bbox 783 2297 888 2333; x_wconf 68' lang='lat' dir='ltr'><em>tanta</em></span> <span class='ocrx_word' id='word_1_310' title='bbox 915 2296 1164 2343; x_wconf 80' lang='lat' dir='ltr'><em>multitudine,</em></span> <span class='ocrx_word' id='word_1_311' title='bbox 1182 2311 1306 2347; x_wconf 91' lang='lat' dir='ltr'><em>neque</em></span> 
     </span>
     <span class='ocr_line' id='line_1_42' title="bbox 78 2349 1306 2401; baseline 0.002 -15"><span class='ocrx_word' id='word_1_312' title='bbox 78 2349 228 2401; x_wconf 81' lang='lat' dir='ltr'><em>praemio</em></span> <span class='ocrx_word' id='word_1_313' title='bbox 262 2350 434 2387; x_wconf 87' lang='lat' dir='ltr'><em>inductus</em></span> <span class='ocrx_word' id='word_1_314' title='bbox 483 2350 770 2401; x_wconf 87' lang='lat' dir='ltr'><em>conjurationem</em></span> <span class='ocrx_word' id='word_1_315' title='bbox 817 2350 1054 2399; x_wconf 81' lang='lat' dir='ltr'><em>patefecerat,</em></span> <span class='ocrx_word' id='word_1_316' title='bbox 1098 2364 1217 2400; x_wconf 87' lang='lat' dir='ltr'><em>neque</em></span> <span class='ocrx_word' id='word_1_317' title='bbox 1260 2364 1306 2388; x_wconf 84' lang='lat' dir='ltr'><em>ex</em></span> 
     </span>
    </p>
   </div>
  </div>
 </body>
</html>
