1492 2531
309 68 560 108 HISTORIA
569 66 640 106 RU
647 69 685 106 M
712 67 1064 106 FRAGMENTA.
1226 66 1301 104 115

76 188 243 224 corpora,
271 174 319 210 ad
345 173 509 210 medium
539 172 645 222 quasi
670 173 872 222 deinsuper
890 172 1113 209 adstantium
1131 171 1303 208 manibus

74 230 111 266 in
131 241 275 265 murum
293 226 480 264 attollitur.
534 225 694 263 Nonius.
716 226 821 263 Serv.

128 281 266 331 Neque
287 281 460 316 detrusus
490 279 711 330 aliquotiens
731 284 901 316 terretur.
959 277 1083 316 Prisc.
1102 278 1126 317 l.
1148 290 1208 314 xv,

128 333 323 372 Dubitavit
340 334 433 370 aciei
458 346 553 382 pars.
606 333 725 370 Idem.

129 388 234 432 Quos
253 387 349 423 inter
367 386 550 424 maxume.
607 386 734 424 Caris.

130 442 293 478 Rumore
313 440 444 489 primo.
501 440 629 477 Caris.

128 494 233 531 Idem
268 493 391 530 fecere
428 492 609 531 Octavius
639 500 675 530 et
705 493 751 537 Q.
781 493 910 542 Caepio
939 492 1016 529 sine
1053 491 1157 542 gravi
1185 491 1308 541 cujus-

76 562 188 598 quam
207 547 497 596 exspectatione,
517 561 637 598 neque
657 546 746 584 sane
765 547 893 583 ambiti
911 545 1072 595 publice.
1127 544 1234 582 Serv.
1256 544 1308 580 acl

75 602 98 639 l.
118 602 166 638 iv.
183 600 339 637 AEne'id.
393 599 548 637 Ambire
567 601 761 651 significat
781 605 816 636 et
843 614 986 650 rogare.
1044 597 1248 635 Sallustius
1268 597 1308 634 in

75 652 273 704 ,Iugurtlzci
286 669 298 689 .·
332 652 434 699 Quos
454 667 522 702 ego
541 655 652 691 audio
673 654 829 699 ambire,
846 653 1026 703 fatigare
1045 666 1110 689 vos
1127 651 1308 699 singulos.

77 706 292 745 Dicebatur
311 711 347 744 et
366 707 487 744 ambio
508 708 624 754 illum,
638 721 712 757 pro
732 720 824 758 rogo
836 721 850 750 ,·
881 705 959 758 (5⁴6.

131 761 226 798 Cum
255 774 330 797 arae
361 767 398 798 et
427 760 499 798 alia
530 762 599 798 diis
631 767 774 798 sacrata
799 761 1024 809 supplicium
1040 758 1220 809 sanguine
1240 758 1308 794 foe-

78 816 261 852 darentur.
315 813 431 851 Idem.

130 865 328 904 Postremo
347 868 449 916 ipsos
479 866 623 904 colonis
655 873 721 917 per
750 867 917 903 miserias
943 872 980 903 et
1001 866 1142 903 incerta
1160 864 1310 902 humani

79 921 225 972 generis
240 921 383 958 horare.
437 921 542 958 Serv.
565 921 617 957 ad
636 922 682 958 xi.
709 921 905 958 AEne'e'clos.

405 988 478 1024 per
495 988 630 1011 eversa:
645 976 798 1026 genitor
806 973 1009 1024 fumantia
1031 972 1154 1023 Trojae

288 1027 474 1064 Exscidia
494 1028 662 1065 obtestor.

131 1081 190 1117 Ex
208 1082 350 1130 paucis,
380 1082 515 1130 quibus
535 1082 667 1130 peritia
685 1088 721 1118 et
740 1095 866 1117 verum
885 1081 1072 1129 ingenium
1093 1085 1163 1123 est,
1192 1077 1312 1114 abnu-

80 1135 242 1171 entibus.
297 1134 414 1171 Idem.

132 1187 332 1237 Perpenna
359 1194 434 1224 tam
470 1189 599 1237 paucis
635 1190 838 1238 profechm,
873 1201 960 1224 vera
992 1192 1048 1223 est
1086 1184 1315 1223 aestimanda.

82 1241 185 1278 Idem
205 1241 255 1277 ad
272 1241 334 1278 xii.
353 1241 552 1280 AEne'2·d0s.

363 1578 1052 1635 FRAGMENTA

500 1750 822 1793 HISTORIAR
830 1751 927 1792 UM.

455 1924 617 1963 LIBER
645 1922 936 1963 SECUNDUS.

97 2047 390 2128 SARDINIA
418 2048 457 2084 in
486 2047 615 2084 Africo
647 2047 762 2084 marie
794 2048 888 2084 faeie
917 2047 1066 2099 vestigii
1094 2047 1258 2094 humani,
1286 2047 1323 2084 in

188 2104 382 2145 orientem,
411 2101 524 2151 quam
546 2102 584 2137 in
604 2101 857 2146 occidentem,
887 2101 995 2138 latior
1022 2102 1219 2151 prominet.
1275 2099 1325 2138 A.

89 2154 248 2200 Gellius,
269 2156 329 2194 lib.
348 2155 422 2193 xiii.
442 2168 521 2205 cap.
539 2154 640 2191 xviii.
695 2153 795 2191 Nou.
854 2154 1008 2191 Faciem
1029 2154 1145 2192 totius
1164 2155 1325 2204 corporis

77 2209 265 2257 formam,
294 2211 503 2259 πρόσωπον,
524 2207 566 2244 id
586 2211 654 2251 est,
675 2220 729 2251 os,
747 2208 876 2256 posuit
903 2207 1111 2259 antiquitas
1136 2210 1325 2257 prudens,-

88 2266 128 2297 nt
148 2260 196 2297 ab
216 2267 379 2311 aspectu,
400 2261 551 2312 species,
572 2265 606 2297 et
625 2259 649 2296 ὰ
665 2259 848 2310 fingendo
866 2260 1022 2312 figura,
1042 2261 1099 2299 ita
1119 2260 1143 2298 (ὶ
1155 2261 1320 2310 factura

88 2314 249 2364 corporis
257 2314 394 2365 facies.
452 2314 631 2353 Isidorus.
