<?xml version="1.0" encoding="UTF-8"?>
<!DOCTYPE html PUBLIC "-//W3C//DTD XHTML 1.0 Transitional//EN"
    "http://www.w3.org/TR/xhtml1/DTD/xhtml1-transitional.dtd">
<html xmlns="http://www.w3.org/1999/xhtml" xml:lang="en" lang="en">
 <head>
  <title>
</title>
<meta http-equiv="Content-Type" content="text/html;charset=utf-8" />
  <meta name='ocr-system' content='tesseract 3.04.00' />
  <meta name='ocr-capabilities' content='ocr_page ocr_carea ocr_par ocr_line ocrx_word'/>
</head>
<body>
  <div class='ocr_page' id='page_1' title='image "./quaeextant00salluoft_0119.png"; bbox 0 0 1492 2531; ppageno 0'>
   <div class='ocr_carea' id='block_1_1' title="bbox 391 50 1330 93">
    <p class='ocr_par' dir='ltr' id='par_1_1' title="bbox 391 50 1330 93">
     <span class='ocr_line' id='line_1_1' title="bbox 391 50 1330 93; baseline -0.003 0"><span class='ocrx_word' id='word_1_1' title='bbox 391 53 607 93; x_wconf 87' lang='lat' dir='ltr'>BELLUM</span> <span class='ocrx_word' id='word_1_2' title='bbox 633 53 655 90; x_wconf 86' lang='lat' dir='ltr'>J</span> <span class='ocrx_word' id='word_1_3' title='bbox 659 50 1034 90; x_wconf 85' lang='lat' dir='ltr'>UGURTHINUM.</span> <span class='ocrx_word' id='word_1_4' title='bbox 1278 53 1330 90; x_wconf 89' lang='lat'><strong>97</strong></span> 
     </span>
    </p>
   </div>
   <div class='ocr_carea' id='block_1_2' title="bbox 69 153 1326 2376">
    <p class='ocr_par' dir='ltr' id='par_1_2' title="bbox 69 153 1326 2376">
     <span class='ocr_line' id='line_1_2' title="bbox 101 153 1326 210; baseline -0.004 -13"><span class='ocrx_word' id='word_1_5' title='bbox 101 159 218 210; x_wconf 84' lang='lat' dir='ltr'><strong>portis</strong></span> <span class='ocrx_word' id='word_1_6' title='bbox 237 158 394 196; x_wconf 84' lang='lat' dir='ltr'><strong>cohortis</strong></span> <span class='ocrx_word' id='word_1_7' title='bbox 414 170 460 193; x_wconf 85' lang='lat' dir='ltr'><strong>ex</strong></span> <span class='ocrx_word' id='word_1_8' title='bbox 484 157 705 206; x_wconf 79' lang='lat' dir='ltr'>legionibus,</span> <span class='ocrx_word' id='word_1_9' title='bbox 737 168 804 204; x_wconf 92' lang='lat' dir='ltr'><strong>pro</strong></span> <span class='ocrx_word' id='word_1_10' title='bbox 836 154 964 190; x_wconf 79' lang='lat' dir='ltr'><strong>castris</strong></span> <span class='ocrx_word' id='word_1_11' title='bbox 998 153 1140 204; x_wconf 83' lang='lat' dir='ltr'><strong>equites</strong></span> <span class='ocrx_word' id='word_1_12' title='bbox 1177 154 1326 193; x_wconf 64' lang='lat' dir='ltr'><strong>auxili-21-</strong></span> 
     </span>
     <span class='ocr_line' id='line_1_3' title="bbox 103 207 1322 259; baseline -0.003 -9"><span class='ocrx_word' id='word_1_13' title='bbox 103 215 177 250; x_wconf 88' lang='lat' dir='ltr'><strong>rios</strong></span> <span class='ocrx_word' id='word_1_14' title='bbox 196 214 356 249; x_wconf 86' lang='lat' dir='ltr'><strong>mittere:</strong></span> <span class='ocrx_word' id='word_1_15' title='bbox 385 209 564 259; x_wconf 73' lang='lat' dir='ltr'><strong>praeterea</strong></span> <span class='ocrx_word' id='word_1_16' title='bbox 597 209 688 245; x_wconf 83' lang='lat' dir='ltr'><strong>alios</strong></span> <span class='ocrx_word' id='word_1_17' title='bbox 719 221 828 257; x_wconf 89' lang='lat' dir='ltr'><strong>super</strong></span> <span class='ocrx_word' id='word_1_18' title='bbox 857 207 994 245; x_wconf 86' lang='lat' dir='ltr'><strong>vallum</strong></span> <span class='ocrx_word' id='word_1_19' title='bbox 1022 208 1059 243; x_wconf 89' lang='lat' dir='ltr'><strong>in</strong></span> <span class='ocrx_word' id='word_1_20' title='bbox 1088 207 1322 246; x_wconf 86' lang='lat' dir='ltr'><strong>munimentis</strong></span> 
     </span>
     <span class='ocr_line' id='line_1_4' title="bbox 104 260 1322 314; baseline -0.003 -11"><span class='ocrx_word' id='word_1_21' title='bbox 104 267 248 308; x_wconf 81' lang='lat' dir='ltr'><strong>locare;</strong></span> <span class='ocrx_word' id='word_1_22' title='bbox 276 264 421 314; x_wconf 88' lang='lat' dir='ltr'><strong>vigilias</strong></span> <span class='ocrx_word' id='word_1_23' title='bbox 455 264 535 313; x_wconf 87' lang='lat' dir='ltr'><strong>ipse</strong></span> <span class='ocrx_word' id='word_1_24' title='bbox 563 262 729 307; x_wconf 89' lang='lat' dir='ltr'><strong>circuire,</strong></span> <span class='ocrx_word' id='word_1_25' title='bbox 755 275 829 298; x_wconf 89' lang='lat' dir='ltr'><strong>non</strong></span> <span class='ocrx_word' id='word_1_26' title='bbox 861 267 932 297; x_wconf 86' lang='lat' dir='ltr'><strong>tam</strong></span> <span class='ocrx_word' id='word_1_27' title='bbox 967 260 1166 297; x_wconf 85' lang='lat' dir='ltr'><strong>diffidentia</strong></span> <span class='ocrx_word' id='word_1_28' title='bbox 1196 261 1322 309; x_wconf 81' lang='lat' dir='ltr'><strong>futuri,</strong></span> 
     </span>
     <span class='ocr_line' id='line_1_5' title="bbox 100 314 1322 370; baseline -0.003 -14"><span class='ocrx_word' id='word_1_29' title='bbox 100 333 186 370; x_wconf 82' lang='lat' dir='ltr'><strong>quae</strong></span> <span class='ocrx_word' id='word_1_30' title='bbox 232 317 499 368; x_wconf 81' lang='lat' dir='ltr'><strong>imperavisset,</strong></span> <span class='ocrx_word' id='word_1_31' title='bbox 530 315 642 365; x_wconf 73' lang='lat' dir='ltr'><strong>quam</strong></span> <span class='ocrx_word' id='word_1_32' title='bbox 682 314 734 351; x_wconf 77' lang='lat' dir='ltr'><strong>uti</strong></span> <span class='ocrx_word' id='word_1_33' title='bbox 771 314 946 351; x_wconf 80' lang='lat' dir='ltr'><strong>militibus</strong></span> <span class='ocrx_word' id='word_1_34' title='bbox 984 319 1200 363; x_wconf 79' lang='lat' dir='ltr'><strong>exaequatus</strong></span> <span class='ocrx_word' id='word_1_35' title='bbox 1238 328 1322 352; x_wconf 91' lang='lat' dir='ltr'><strong>cum</strong></span> 
     </span>
     <span class='ocr_line' id='line_1_6' title="bbox 101 366 1320 421; baseline -0.002 -13"><span class='ocrx_word' id='word_1_36' title='bbox 101 373 318 421; x_wconf 80' lang='lat' dir='ltr'><strong>imperatore</strong></span> <span class='ocrx_word' id='word_1_37' title='bbox 354 370 458 407; x_wconf 87' lang='lat' dir='ltr'><strong>labos</strong></span> <span class='ocrx_word' id='word_1_38' title='bbox 488 369 698 406; x_wconf 84' lang='lat' dir='ltr'><strong>volentibus</strong></span> <span class='ocrx_word' id='word_1_39' title='bbox 730 373 838 404; x_wconf 78' lang='lat' dir='ltr'><strong>esset.</strong></span> <span class='ocrx_word' id='word_1_40' title='bbox 893 367 941 404; x_wconf 86' lang='lat' dir='ltr'><strong>Et</strong></span> <span class='ocrx_word' id='word_1_41' title='bbox 969 366 1057 404; x_wconf 75' lang='lat' dir='ltr'><strong>sane</strong></span> <span class='ocrx_word' id='word_1_42' title='bbox 1089 367 1244 413; x_wconf 75' lang='lat' dir='ltr'><strong>Marius,</strong></span> <span class='ocrx_word' id='word_1_43' title='bbox 1276 369 1320 405; x_wconf 90' lang='lat' dir='ltr'><strong>il-</strong></span> 
     </span>
     <span class='ocr_line' id='line_1_7' title="bbox 100 420 1320 475; baseline -0.002 -15"><span class='ocrx_word' id='word_1_44' title='bbox 100 425 210 475; x_wconf 90' lang='lat' dir='ltr'><strong>loque</strong></span> <span class='ocrx_word' id='word_1_45' title='bbox 244 430 280 461; x_wconf 90' lang='lat' dir='ltr'><strong>et</strong></span> <span class='ocrx_word' id='word_1_46' title='bbox 311 424 391 460; x_wconf 84' lang='lat' dir='ltr'><strong>aliis</strong></span> <span class='ocrx_word' id='word_1_47' title='bbox 421 422 649 473; x_wconf 83' lang='lat' dir='ltr'><strong>temporibus</strong></span> <span class='ocrx_word' id='word_1_48' title='bbox 680 420 891 470; x_wconf 83' lang='lat' dir='ltr'><strong>Jugurthini</strong></span> <span class='ocrx_word' id='word_1_49' title='bbox 910 420 1010 466; x_wconf 87' lang='lat' dir='ltr'><strong>belli,</strong></span> <span class='ocrx_word' id='word_1_50' title='bbox 1026 421 1167 469; x_wconf 89' lang='lat' dir='ltr'><strong>pudore</strong></span> <span class='ocrx_word' id='word_1_51' title='bbox 1187 420 1320 470; x_wconf 82' lang='lat' dir='ltr'><strong>magis,</strong></span> 
     </span>
     <span class='ocr_line' id='line_1_8' title="bbox 97 473 1320 528; baseline -0.002 -14"><span class='ocrx_word' id='word_1_52' title='bbox 97 478 213 528; x_wconf 77' lang='lat' dir='ltr'><strong>quam</strong></span> <span class='ocrx_word' id='word_1_53' title='bbox 238 477 346 523; x_wconf 86' lang='lat' dir='ltr'><strong>malo,</strong></span> <span class='ocrx_word' id='word_1_54' title='bbox 377 477 580 514; x_wconf 88' lang='lat' dir='ltr'><strong>exercitum</strong></span> <span class='ocrx_word' id='word_1_55' title='bbox 608 475 824 512; x_wconf 85' lang='lat' dir='ltr'><strong>co&#39;e&#39;rcebat:</strong></span> <span class='ocrx_word' id='word_1_56' title='bbox 857 474 958 524; x_wconf 89' lang='lat' dir='ltr'><strong>quod</strong></span> <span class='ocrx_word' id='word_1_57' title='bbox 985 473 1089 510; x_wconf 89' lang='lat' dir='ltr'><strong>multi</strong></span> <span class='ocrx_word' id='word_1_58' title='bbox 1119 487 1182 523; x_wconf 87' lang='lat' dir='ltr'><strong>per</strong></span> <span class='ocrx_word' id='word_1_59' title='bbox 1208 476 1320 512; x_wconf 91' lang='lat' dir='ltr'><strong>ambi-</strong></span> 
     </span>
     <span class='ocr_line' id='line_1_9' title="bbox 96 526 1317 579; baseline -0.002 -11"><span class='ocrx_word' id='word_1_60' title='bbox 96 533 235 568; x_wconf 82' lang='lat' dir='ltr'><strong>tionem</strong></span> <span class='ocrx_word' id='word_1_61' title='bbox 272 531 350 567; x_wconf 87' lang='lat' dir='ltr'><strong>fieri</strong></span> <span class='ocrx_word' id='word_1_62' title='bbox 378 531 548 576; x_wconf 83' lang='lat' dir='ltr'><strong>aiebant3</strong></span> <span class='ocrx_word' id='word_1_63' title='bbox 589 541 688 579; x_wconf 81' lang='lat' dir='ltr'><strong>pars,</strong></span> <span class='ocrx_word' id='word_1_64' title='bbox 720 526 822 577; x_wconf 74' lang='lat' dir='ltr'><strong>quod</strong></span> <span class='ocrx_word' id='word_1_65' title='bbox 855 527 877 563; x_wconf 69' lang='lat' dir='ltr'><strong>a</strong></span> <span class='ocrx_word' id='word_1_66' title='bbox 909 527 1065 576; x_wconf 75' lang='lat' dir='ltr'><strong>pueritia</strong></span> <span class='ocrx_word' id='word_1_67' title='bbox 1101 533 1317 565; x_wconf 81' lang='lat' dir='ltr'><strong>consuetam</strong></span> 
     </span>
     <span class='ocr_line' id='line_1_10' title="bbox 95 580 1319 633; baseline -0.001 -13"><span class='ocrx_word' id='word_1_68' title='bbox 95 585 283 630; x_wconf 83' lang='lat' dir='ltr'><strong>duritiem,</strong></span> <span class='ocrx_word' id='word_1_69' title='bbox 314 589 350 621; x_wconf 84' lang='lat' dir='ltr'><strong>et</strong></span> <span class='ocrx_word' id='word_1_70' title='bbox 379 583 461 628; x_wconf 87' lang='lat' dir='ltr'><strong>alia,</strong></span> <span class='ocrx_word' id='word_1_71' title='bbox 495 596 579 633; x_wconf 69' lang='lat' dir='ltr'><strong>quae</strong></span> <span class='ocrx_word' id='word_1_72' title='bbox 611 583 733 619; x_wconf 82' lang='lat' dir='ltr'><strong>caeteri</strong></span> <span class='ocrx_word' id='word_1_73' title='bbox 763 580 927 617; x_wconf 86' lang='lat' dir='ltr'><strong>miserias</strong></span> <span class='ocrx_word' id='word_1_74' title='bbox 960 586 1107 626; x_wconf 84' lang='lat' dir='ltr'><strong>vocant,</strong></span> <span class='ocrx_word' id='word_1_75' title='bbox 1139 580 1319 630; x_wconf 89' lang='lat' dir='ltr'><strong>voluptati</strong></span> 
     </span>
     <span class='ocr_line' id='line_1_11' title="bbox 97 633 1315 685; baseline -0.002 -11"><span class='ocrx_word' id='word_1_76' title='bbox 97 638 297 674; x_wconf 87' lang='lat' dir='ltr'><strong>habuisset.</strong></span> <span class='ocrx_word' id='word_1_77' title='bbox 351 636 437 673; x_wconf 89' lang='lat' dir='ltr'><strong>Nisi</strong></span> <span class='ocrx_word' id='word_1_78' title='bbox 457 642 577 673; x_wconf 87' lang='lat' dir='ltr'><strong>tamen</strong></span> <span class='ocrx_word' id='word_1_79' title='bbox 604 634 817 685; x_wconf 83' lang='lat' dir='ltr'><strong>respublica</strong></span> <span class='ocrx_word' id='word_1_80' title='bbox 844 633 992 683; x_wconf 86' lang='lat' dir='ltr'><strong>pariter,</strong></span> <span class='ocrx_word' id='word_1_81' title='bbox 1025 647 1067 669; x_wconf 89' lang='lat' dir='ltr'><strong>ac</strong></span> <span class='ocrx_word' id='word_1_82' title='bbox 1099 634 1315 672; x_wconf 79' lang='lat' dir='ltr'><strong>saevissumo</strong></span> 
     </span>
     <span class='ocr_line' id='line_1_12' title="bbox 96 687 1314 740; baseline -0.002 -12"><span class='ocrx_word' id='word_1_83' title='bbox 96 692 263 740; x_wconf 86' lang='lat' dir='ltr'><strong>imperio,</strong></span> <span class='ocrx_word' id='word_1_84' title='bbox 281 689 378 727; x_wconf 75' lang='lat' dir='ltr'><strong>bene</strong></span> <span class='ocrx_word' id='word_1_85' title='bbox 398 695 509 740; x_wconf 89' lang='lat' dir='ltr'><strong>atque</strong></span> <span class='ocrx_word' id='word_1_86' title='bbox 536 690 671 726; x_wconf 73' lang='lat' dir='ltr'><strong>decore</strong></span> <span class='ocrx_word' id='word_1_87' title='bbox 696 693 811 737; x_wconf 89' lang='lat' dir='ltr'><strong>gesta.</strong></span> <span class='ocrx_word' id='word_1_88' title='bbox 863 687 982 737; x_wconf 83' lang='lat' dir='ltr'><strong>Igitur</strong></span> <span class='ocrx_word' id='word_1_89' title='bbox 1007 692 1136 736; x_wconf 82' lang='lat' dir='ltr'><strong>quarto</strong></span> <span class='ocrx_word' id='word_1_90' title='bbox 1156 687 1314 737; x_wconf 90' lang='lat' dir='ltr'><strong>denique</strong></span> 
     </span>
     <span class='ocr_line' id='line_1_13' title="bbox 95 740 1317 793; baseline -0.002 -12"><span class='ocrx_word' id='word_1_91' title='bbox 95 745 169 788; x_wconf 87' lang='lat' dir='ltr'><strong>die,</strong></span> <span class='ocrx_word' id='word_1_92' title='bbox 188 745 286 780; x_wconf 91' lang='lat' dir='ltr'><strong>haud</strong></span> <span class='ocrx_word' id='word_1_93' title='bbox 304 742 414 793; x_wconf 77' lang='lat' dir='ltr'><strong>longe</strong></span> <span class='ocrx_word' id='word_1_94' title='bbox 433 744 480 779; x_wconf 88' lang='lat' dir='ltr'><strong>ab</strong></span> <span class='ocrx_word' id='word_1_95' title='bbox 508 743 644 792; x_wconf 89' lang='lat' dir='ltr'><strong>oppido</strong></span> <span class='ocrx_word' id='word_1_96' title='bbox 671 741 788 783; x_wconf 70' lang='lat' dir='ltr'><strong>Cirta,</strong></span> <span class='ocrx_word' id='word_1_97' title='bbox 821 740 928 776; x_wconf 91' lang='lat' dir='ltr'><strong>simul</strong></span> <span class='ocrx_word' id='word_1_98' title='bbox 959 740 1120 789; x_wconf 89' lang='lat' dir='ltr'><strong>undique</strong></span> <span class='ocrx_word' id='word_1_99' title='bbox 1153 742 1317 789; x_wconf 88' lang='lat' dir='ltr'><strong>specula-</strong></span> 
     </span>
     <span class='ocr_line' id='line_1_14' title="bbox 94 793 1313 844; baseline -0.002 -10"><span class='ocrx_word' id='word_1_100' title='bbox 94 804 193 834; x_wconf 83' lang='lat' dir='ltr'><strong>tores</strong></span> <span class='ocrx_word' id='word_1_101' title='bbox 214 798 276 834; x_wconf 88' lang='lat' dir='ltr'><strong>citi</strong></span> <span class='ocrx_word' id='word_1_102' title='bbox 295 810 375 833; x_wconf 82' lang='lat' dir='ltr'><strong>sese</strong></span> <span class='ocrx_word' id='word_1_103' title='bbox 396 797 593 832; x_wconf 84' lang='lat' dir='ltr'><strong>ostendunt</strong></span> <span class='ocrx_word' id='word_1_104' title='bbox 610 811 618 843; x_wconf 79' lang='lat'><em>3</em></span> <span class='ocrx_word' id='word_1_105' title='bbox 646 795 721 844; x_wconf 68' lang='lat' dir='ltr'><strong>qua</strong></span> <span class='ocrx_word' id='word_1_106' title='bbox 745 807 783 830; x_wconf 90' lang='lat' dir='ltr'><strong>re</strong></span> <span class='ocrx_word' id='word_1_107' title='bbox 804 793 919 830; x_wconf 75' lang='lat' dir='ltr'><strong>hostis</strong></span> <span class='ocrx_word' id='word_1_108' title='bbox 939 793 1067 829; x_wconf 86' lang='lat' dir='ltr'><strong>adesse</strong></span> <span class='ocrx_word' id='word_1_109' title='bbox 1086 793 1313 843; x_wconf 85' lang='lat' dir='ltr'><strong>intelligitur.</strong></span> 
     </span>
     <span class='ocr_line' id='line_1_15' title="bbox 92 845 1315 899; baseline -0.002 -12"><span class='ocrx_word' id='word_1_110' title='bbox 92 851 168 888; x_wconf 87' lang='lat' dir='ltr'><strong>Sed</strong></span> <span class='ocrx_word' id='word_1_111' title='bbox 186 852 273 899; x_wconf 87' lang='lat' dir='ltr'><strong>quia</strong></span> <span class='ocrx_word' id='word_1_112' title='bbox 290 849 428 887; x_wconf 88' lang='lat' dir='ltr'><strong>divorsi</strong></span> <span class='ocrx_word' id='word_1_113' title='bbox 446 850 656 894; x_wconf 84' lang='lat' dir='ltr'><strong>redeuntes,</strong></span> <span class='ocrx_word' id='word_1_114' title='bbox 676 848 769 884; x_wconf 89' lang='lat' dir='ltr'><strong>alius</strong></span> <span class='ocrx_word' id='word_1_115' title='bbox 788 848 833 882; x_wconf 94' lang='lat' dir='ltr'><strong>ab</strong></span> <span class='ocrx_word' id='word_1_116' title='bbox 854 845 925 883; x_wconf 63' lang='lat' dir='ltr'><strong>alia</strong></span> <span class='ocrx_word' id='word_1_117' title='bbox 954 852 1070 896; x_wconf 87' lang='lat' dir='ltr'><strong>parte,</strong></span> <span class='ocrx_word' id='word_1_118' title='bbox 1100 852 1209 897; x_wconf 85' lang='lat' dir='ltr'><strong>atque</strong></span> <span class='ocrx_word' id='word_1_119' title='bbox 1239 862 1315 885; x_wconf 90' lang='lat' dir='ltr'><strong>om-</strong></span> 
     </span>
     <span class='ocr_line' id='line_1_16' title="bbox 93 900 1311 952; baseline -0.002 -11"><span class='ocrx_word' id='word_1_120' title='bbox 93 918 159 941; x_wconf 90' lang='lat' dir='ltr'><strong>nes</strong></span> <span class='ocrx_word' id='word_1_121' title='bbox 193 905 293 941; x_wconf 89' lang='lat' dir='ltr'><strong>idem</strong></span> <span class='ocrx_word' id='word_1_122' title='bbox 328 903 603 952; x_wconf 77' lang='lat' dir='ltr'><strong>significabant3</strong></span> <span class='ocrx_word' id='word_1_123' title='bbox 646 900 773 938; x_wconf 85' lang='lat' dir='ltr'><strong>consul</strong></span> <span class='ocrx_word' id='word_1_124' title='bbox 807 900 982 946; x_wconf 87' lang='lat' dir='ltr'><strong>incertus,</strong></span> <span class='ocrx_word' id='word_1_125' title='bbox 1017 913 1176 949; x_wconf 89' lang='lat' dir='ltr'><strong>quonam</strong></span> <span class='ocrx_word' id='word_1_126' title='bbox 1203 902 1311 938; x_wconf 92' lang='lat' dir='ltr'><strong>modo</strong></span> 
     </span>
     <span class='ocr_line' id='line_1_17' title="bbox 90 953 1312 999; baseline -0.002 -5"><span class='ocrx_word' id='word_1_127' title='bbox 90 958 208 994; x_wconf 85' lang='lat' dir='ltr'><strong>aciem</strong></span> <span class='ocrx_word' id='word_1_128' title='bbox 226 957 435 999; x_wconf 86' lang='lat' dir='ltr'><strong>instrueret,</strong></span> <span class='ocrx_word' id='word_1_129' title='bbox 463 956 564 992; x_wconf 88' lang='lat' dir='ltr'><strong>nullo</strong></span> <span class='ocrx_word' id='word_1_130' title='bbox 594 955 720 992; x_wconf 90' lang='lat' dir='ltr'><strong>ordine</strong></span> <span class='ocrx_word' id='word_1_131' title='bbox 751 959 987 998; x_wconf 84' lang='lat' dir='ltr'><strong>commutatO,</strong></span> <span class='ocrx_word' id='word_1_132' title='bbox 1014 953 1210 990; x_wconf 73' lang='lat' dir='ltr'><strong>advorsum</strong></span> <span class='ocrx_word' id='word_1_133' title='bbox 1239 969 1312 991; x_wconf 91' lang='lat' dir='ltr'><strong>om-</strong></span> 
     </span>
     <span class='ocr_line' id='line_1_18' title="bbox 91 1006 1309 1059; baseline -0.002 -12"><span class='ocrx_word' id='word_1_134' title='bbox 91 1011 152 1048; x_wconf 78' lang='lat' dir='ltr'><strong>nia</strong></span> <span class='ocrx_word' id='word_1_135' title='bbox 184 1016 346 1059; x_wconf 86' lang='lat' dir='ltr'><strong>paratus,</strong></span> <span class='ocrx_word' id='word_1_136' title='bbox 380 1009 518 1046; x_wconf 86' lang='lat' dir='ltr'><strong>ibidem</strong></span> <span class='ocrx_word' id='word_1_137' title='bbox 551 1009 749 1058; x_wconf 90' lang='lat' dir='ltr'><strong>opperitur.</strong></span> <span class='ocrx_word' id='word_1_138' title='bbox 813 1007 932 1057; x_wconf 79' lang='lat' dir='ltr'><strong>Igitur</strong></span> <span class='ocrx_word' id='word_1_139' title='bbox 966 1006 1186 1056; x_wconf 83' lang='lat' dir='ltr'><strong>Jugurtham</strong></span> <span class='ocrx_word' id='word_1_140' title='bbox 1223 1022 1309 1057; x_wconf 87' lang='lat' dir='ltr'><strong>spes</strong></span> 
     </span>
     <span class='ocr_line' id='line_1_19' title="bbox 90 1058 1311 1112; baseline -0.002 -12"><span class='ocrx_word' id='word_1_141' title='bbox 90 1065 287 1109; x_wconf 75' lang='lat' dir='ltr'><strong>frustrata3</strong></span> <span class='ocrx_word' id='word_1_142' title='bbox 327 1063 390 1112; x_wconf 87' lang='lat' dir='ltr'><strong>qui</strong></span> <span class='ocrx_word' id='word_1_143' title='bbox 420 1063 545 1111; x_wconf 82' lang='lat' dir='ltr'><strong>copias</strong></span> <span class='ocrx_word' id='word_1_144' title='bbox 577 1063 614 1098; x_wconf 93' lang='lat' dir='ltr'><strong>in</strong></span> <span class='ocrx_word' id='word_1_145' title='bbox 645 1067 803 1111; x_wconf 89' lang='lat' dir='ltr'><strong>quatuor</strong></span> <span class='ocrx_word' id='word_1_146' title='bbox 832 1058 947 1109; x_wconf 79' lang='lat' dir='ltr'><strong>partis</strong></span> <span class='ocrx_word' id='word_1_147' title='bbox 978 1059 1226 1106; x_wconf 83' lang='lat' dir='ltr'><strong>distribuerat,</strong></span> <span class='ocrx_word' id='word_1_148' title='bbox 1257 1075 1311 1099; x_wconf 85' lang='lat' dir='ltr'><strong>ra-</strong></span> 
     </span>
     <span class='ocr_line' id='line_1_20' title="bbox 88 1113 1309 1165; baseline -0.001 -11"><span class='ocrx_word' id='word_1_149' title='bbox 88 1123 151 1154; x_wconf 92' lang='lat' dir='ltr'><strong>tus</strong></span> <span class='ocrx_word' id='word_1_150' title='bbox 172 1130 218 1154; x_wconf 77' lang='lat' dir='ltr'><strong>ex</strong></span> <span class='ocrx_word' id='word_1_151' title='bbox 238 1117 406 1153; x_wconf 88' lang='lat' dir='ltr'><strong>omnibus</strong></span> <span class='ocrx_word' id='word_1_152' title='bbox 427 1115 532 1165; x_wconf 77' lang='lat' dir='ltr'><strong>aeque</strong></span> <span class='ocrx_word' id='word_1_153' title='bbox 551 1115 693 1165; x_wconf 84' lang='lat' dir='ltr'><strong>aliquos</strong></span> <span class='ocrx_word' id='word_1_154' title='bbox 722 1115 768 1151; x_wconf 83' lang='lat' dir='ltr'><strong>ab</strong></span> <span class='ocrx_word' id='word_1_155' title='bbox 796 1118 901 1163; x_wconf 89' lang='lat' dir='ltr'><strong>tergo</strong></span> <span class='ocrx_word' id='word_1_156' title='bbox 930 1113 1096 1149; x_wconf 87' lang='lat' dir='ltr'><strong>hostibus</strong></span> <span class='ocrx_word' id='word_1_157' title='bbox 1126 1119 1309 1153; x_wconf 87' lang='lat' dir='ltr'><strong>venturos.</strong></span> 
     </span>
     <span class='ocr_line' id='line_1_21' title="bbox 89 1166 1307 1219; baseline -0.002 -12"><span class='ocrx_word' id='word_1_158' title='bbox 89 1169 245 1207; x_wconf 84' lang='lat' dir='ltr'><strong>Interim</strong></span> <span class='ocrx_word' id='word_1_159' title='bbox 273 1169 389 1211; x_wconf 79' lang='lat' dir='ltr'><strong>Sulla,</strong></span> <span class='ocrx_word' id='word_1_160' title='bbox 418 1183 527 1219; x_wconf 89' lang='lat' dir='ltr'><strong>quem</strong></span> <span class='ocrx_word' id='word_1_161' title='bbox 555 1170 713 1218; x_wconf 90' lang='lat' dir='ltr'><strong>primum</strong></span> <span class='ocrx_word' id='word_1_162' title='bbox 745 1167 868 1203; x_wconf 84' lang='lat' dir='ltr'><strong>hostes</strong></span> <span class='ocrx_word' id='word_1_163' title='bbox 900 1166 1107 1216; x_wconf 85' lang='lat' dir='ltr'><strong>attigerant,</strong></span> <span class='ocrx_word' id='word_1_164' title='bbox 1139 1167 1307 1205; x_wconf 82' lang='lat' dir='ltr'><strong>cohorta-</strong></span> 
     </span>
     <span class='ocr_line' id='line_1_22' title="bbox 88 1218 1305 1272; baseline -0.001 -13"><span class='ocrx_word' id='word_1_165' title='bbox 88 1229 148 1260; x_wconf 85' lang='lat' dir='ltr'><strong>tus</strong></span> <span class='ocrx_word' id='word_1_166' title='bbox 186 1236 287 1262; x_wconf 84' lang='lat' dir='ltr'><strong>suos,</strong></span> <span class='ocrx_word' id='word_1_167' title='bbox 324 1221 510 1259; x_wconf 80' lang='lat' dir='ltr'><strong>turmatim</strong></span> <span class='ocrx_word' id='word_1_168' title='bbox 546 1228 583 1259; x_wconf 87' lang='lat' dir='ltr'><strong>et</strong></span> <span class='ocrx_word' id='word_1_169' title='bbox 619 1221 730 1270; x_wconf 74' lang='lat' dir='ltr'><strong>quam</strong></span> <span class='ocrx_word' id='word_1_170' title='bbox 776 1218 949 1256; x_wconf 69' lang='lat' dir='ltr'><strong>maxume</strong></span> <span class='ocrx_word' id='word_1_171' title='bbox 994 1219 1166 1256; x_wconf 83' lang='lat' dir='ltr'><strong>confertis</strong></span> <span class='ocrx_word' id='word_1_172' title='bbox 1202 1222 1305 1272; x_wconf 90' lang='lat' dir='ltr'><strong>equis</strong></span> 
     </span>
     <span class='ocr_line' id='line_1_23' title="bbox 87 1272 1305 1326; baseline -0.001 -14"><span class='ocrx_word' id='word_1_173' title='bbox 87 1277 241 1325; x_wconf 88' lang='lat' dir='ltr'><strong>ipseque</strong></span> <span class='ocrx_word' id='word_1_174' title='bbox 261 1276 395 1326; x_wconf 87' lang='lat' dir='ltr'><strong>aliique</strong></span> <span class='ocrx_word' id='word_1_175' title='bbox 433 1276 586 1312; x_wconf 86' lang='lat' dir='ltr'><strong>Mauros</strong></span> <span class='ocrx_word' id='word_1_176' title='bbox 605 1275 808 1319; x_wconf 85' lang='lat' dir='ltr'><strong>invadunt3</strong></span> <span class='ocrx_word' id='word_1_177' title='bbox 841 1273 974 1318; x_wconf 82' lang='lat' dir='ltr'><strong>caeteri,</strong></span> <span class='ocrx_word' id='word_1_178' title='bbox 1004 1273 1041 1308; x_wconf 92' lang='lat' dir='ltr'><strong>in</strong></span> <span class='ocrx_word' id='word_1_179' title='bbox 1059 1272 1140 1310; x_wconf 85' lang='lat' dir='ltr'><strong>loco</strong></span> <span class='ocrx_word' id='word_1_180' title='bbox 1159 1287 1305 1312; x_wconf 87' lang='lat' dir='ltr'><strong>manen-</strong></span> 
     </span>
     <span class='ocr_line' id='line_1_24' title="bbox 86 1327 1304 1379; baseline -0.001 -13"><span class='ocrx_word' id='word_1_181' title='bbox 86 1337 156 1375; x_wconf 81' lang='lat' dir='ltr'><strong>tes,</strong></span> <span class='ocrx_word' id='word_1_182' title='bbox 175 1331 220 1366; x_wconf 83' lang='lat' dir='ltr'><strong>ab</strong></span> <span class='ocrx_word' id='word_1_183' title='bbox 233 1329 367 1379; x_wconf 84' lang='lat' dir='ltr'><strong>jaculis</strong></span> <span class='ocrx_word' id='word_1_184' title='bbox 388 1329 530 1366; x_wconf 75' lang='lat' dir='ltr'><strong>eminus</strong></span> <span class='ocrx_word' id='word_1_185' title='bbox 560 1328 702 1366; x_wconf 89' lang='lat' dir='ltr'><strong>emissis</strong></span> <span class='ocrx_word' id='word_1_186' title='bbox 735 1340 891 1376; x_wconf 85' lang='lat' dir='ltr'><strong>corpora</strong></span> <span class='ocrx_word' id='word_1_187' title='bbox 921 1331 1057 1375; x_wconf 78' lang='lat' dir='ltr'><strong>tegere,</strong></span> <span class='ocrx_word' id='word_1_188' title='bbox 1091 1331 1139 1371; x_wconf 79' lang='lat' dir='ltr'><strong>et,</strong></span> <span class='ocrx_word' id='word_1_189' title='bbox 1174 1327 1205 1364; x_wconf 87' lang='lat' dir='ltr'><strong>si</strong></span> <span class='ocrx_word' id='word_1_190' title='bbox 1241 1330 1304 1377; x_wconf 89' lang='lat' dir='ltr'><strong>qui</strong></span> 
     </span>
     <span class='ocr_line' id='line_1_25' title="bbox 86 1379 1301 1431; baseline 0 -12"><span class='ocrx_word' id='word_1_191' title='bbox 86 1383 129 1419; x_wconf 84' lang='lat' dir='ltr'><strong>in&#39;</strong></span> <span class='ocrx_word' id='word_1_192' title='bbox 152 1396 282 1419; x_wconf 84' lang='lat' dir='ltr'><strong>manus</strong></span> <span class='ocrx_word' id='word_1_193' title='bbox 310 1387 496 1426; x_wconf 81' lang='lat' dir='ltr'><strong>venerant,</strong></span> <span class='ocrx_word' id='word_1_194' title='bbox 530 1383 760 1419; x_wconf 89' lang='lat' dir='ltr'><strong>obtruncare.</strong></span> <span class='ocrx_word' id='word_1_195' title='bbox 814 1380 915 1416; x_wconf 92' lang='lat' dir='ltr'><strong>Dum</strong></span> <span class='ocrx_word' id='word_1_196' title='bbox 945 1393 988 1416; x_wconf 92' lang='lat' dir='ltr'><strong>eo</strong></span> <span class='ocrx_word' id='word_1_197' title='bbox 1018 1379 1126 1416; x_wconf 92' lang='lat' dir='ltr'><strong>modo</strong></span> <span class='ocrx_word' id='word_1_198' title='bbox 1158 1381 1301 1431; x_wconf 90' lang='lat' dir='ltr'><strong>equites</strong></span> 
     </span>
     <span class='ocr_line' id='line_1_26' title="bbox 85 1432 1301 1484; baseline 0 -12"><span class='ocrx_word' id='word_1_199' title='bbox 85 1436 319 1484; x_wconf 79' lang='lat' dir='ltr'><strong>proeliantur3</strong></span> <span class='ocrx_word' id='word_1_200' title='bbox 362 1436 531 1472; x_wconf 78' lang='lat' dir='ltr'><strong>Bocchus</strong></span> <span class='ocrx_word' id='word_1_201' title='bbox 568 1449 652 1472; x_wconf 90' lang='lat' dir='ltr'><strong>cum</strong></span> <span class='ocrx_word' id='word_1_202' title='bbox 685 1433 887 1483; x_wconf 86' lang='lat' dir='ltr'><strong>peditibus,</strong></span> <span class='ocrx_word' id='word_1_203' title='bbox 922 1445 1014 1481; x_wconf 85' lang='lat' dir='ltr'><strong>quos</strong></span> <span class='ocrx_word' id='word_1_204' title='bbox 1049 1432 1177 1469; x_wconf 81' lang='lat' dir='ltr'><strong>Volux</strong></span> <span class='ocrx_word' id='word_1_205' title='bbox 1207 1434 1301 1472; x_wconf 86' lang='lat' dir='ltr'><strong>filius</strong></span> 
     </span>
     <span class='ocr_line' id='line_1_27' title="bbox 83 1486 1301 1540; baseline -0.001 -14"><span class='ocrx_word' id='word_1_206' title='bbox 83 1490 165 1540; x_wconf 88' lang='lat' dir='ltr'><strong>ejus</strong></span> <span class='ocrx_word' id='word_1_207' title='bbox 182 1490 411 1533; x_wconf 82' lang='lat' dir='ltr'><strong>adduxerat3</strong></span> <span class='ocrx_word' id='word_1_208' title='bbox 440 1503 561 1539; x_wconf 90' lang='lat' dir='ltr'><strong>neque</strong></span> <span class='ocrx_word' id='word_1_209' title='bbox 579 1490 616 1525; x_wconf 91' lang='lat' dir='ltr'><strong>in</strong></span> <span class='ocrx_word' id='word_1_210' title='bbox 633 1488 752 1537; x_wconf 89' lang='lat' dir='ltr'><strong>priore</strong></span> <span class='ocrx_word' id='word_1_211' title='bbox 783 1487 921 1536; x_wconf 68' lang='lat' dir='ltr'><strong>pugna,</strong></span> <span class='ocrx_word' id='word_1_212' title='bbox 955 1487 994 1522; x_wconf 91' lang='lat' dir='ltr'><strong>in</strong></span> <span class='ocrx_word' id='word_1_213' title='bbox 1023 1486 1151 1524; x_wconf 89' lang='lat' dir='ltr'><strong>itinere</strong></span> <span class='ocrx_word' id='word_1_214' title='bbox 1186 1500 1301 1525; x_wconf 91' lang='lat' dir='ltr'><strong>mora-</strong></span> 
     </span>
     <span class='ocr_line' id='line_1_28' title="bbox 84 1539 1301 1592; baseline -0.001 -13"><span class='ocrx_word' id='word_1_215' title='bbox 84 1543 124 1587; x_wconf 87' lang='lat' dir='ltr'><strong>ti,</strong></span> <span class='ocrx_word' id='word_1_216' title='bbox 156 1543 370 1588; x_wconf 84' lang='lat' dir='ltr'><strong>adfuerant3</strong></span> <span class='ocrx_word' id='word_1_217' title='bbox 413 1548 636 1592; x_wconf 83' lang='lat' dir='ltr'><strong>postremam</strong></span> <span class='ocrx_word' id='word_1_218' title='bbox 674 1541 923 1577; x_wconf 84' lang='lat' dir='ltr'><strong>Romanorum</strong></span> <span class='ocrx_word' id='word_1_219' title='bbox 961 1539 1077 1576; x_wconf 84' lang='lat' dir='ltr'><strong>aciem</strong></span> <span class='ocrx_word' id='word_1_220' title='bbox 1111 1540 1301 1578; x_wconf 86' lang='lat' dir='ltr'><strong>invadunt.</strong></span> 
     </span>
     <span class='ocr_line' id='line_1_29' title="bbox 84 1591 1298 1647; baseline -0.001 -15"><span class='ocrx_word' id='word_1_221' title='bbox 84 1595 180 1632; x_wconf 86' lang='lat' dir='ltr'><strong>Tum</strong></span> <span class='ocrx_word' id='word_1_222' title='bbox 199 1596 343 1632; x_wconf 88' lang='lat' dir='ltr'><strong>Marius</strong></span> <span class='ocrx_word' id='word_1_223' title='bbox 363 1596 458 1647; x_wconf 85' lang='lat' dir='ltr'><strong>apud</strong></span> <span class='ocrx_word' id='word_1_224' title='bbox 477 1596 614 1645; x_wconf 89' lang='lat' dir='ltr'><strong>primos</strong></span> <span class='ocrx_word' id='word_1_225' title='bbox 632 1595 778 1642; x_wconf 84' lang='lat' dir='ltr'><strong>agebat,</strong></span> <span class='ocrx_word' id='word_1_226' title='bbox 797 1591 899 1642; x_wconf 75' lang='lat' dir='ltr'><strong>quod</strong></span> <span class='ocrx_word' id='word_1_227' title='bbox 925 1593 976 1628; x_wconf 89' lang='lat' dir='ltr'><strong>ibi</strong></span> <span class='ocrx_word' id='word_1_228' title='bbox 1004 1592 1026 1629; x_wconf 87' lang='lat' dir='ltr'>J</span> <span class='ocrx_word' id='word_1_229' title='bbox 1031 1593 1187 1643; x_wconf 85' lang='lat' dir='ltr'><strong>ugurtha</strong></span> <span class='ocrx_word' id='word_1_230' title='bbox 1215 1607 1298 1631; x_wconf 89' lang='lat' dir='ltr'><strong>cum</strong></span> 
     </span>
     <span class='ocr_line' id='line_1_30' title="bbox 82 1646 1298 1698; baseline 0 -13"><span class='ocrx_word' id='word_1_231' title='bbox 82 1649 253 1698; x_wconf 88' lang='lat' dir='ltr'><strong>plurimis</strong></span> <span class='ocrx_word' id='word_1_232' title='bbox 290 1656 376 1686; x_wconf 88' lang='lat' dir='ltr'><strong>erat.</strong></span> <span class='ocrx_word' id='word_1_233' title='bbox 432 1649 529 1685; x_wconf 89' lang='lat' dir='ltr'><strong>Dein</strong></span> <span class='ocrx_word' id='word_1_234' title='bbox 562 1648 742 1693; x_wconf 81' lang='lat' dir='ltr'><strong>Numida,</strong></span> <span class='ocrx_word' id='word_1_235' title='bbox 771 1647 919 1696; x_wconf 87' lang='lat' dir='ltr'><strong>cognito</strong></span> <span class='ocrx_word' id='word_1_236' title='bbox 953 1646 1091 1683; x_wconf 88' lang='lat' dir='ltr'><strong>Bocchi</strong></span> <span class='ocrx_word' id='word_1_237' title='bbox 1127 1647 1298 1694; x_wconf 80' lang='lat' dir='ltr'><strong>adventu,</strong></span> 
     </span>
     <span class='ocr_line' id='line_1_31' title="bbox 83 1698 1298 1751; baseline -0.001 -12"><span class='ocrx_word' id='word_1_238' title='bbox 83 1701 179 1739; x_wconf 64' lang='lat' dir='ltr'><strong>clam</strong></span> <span class='ocrx_word' id='word_1_239' title='bbox 210 1715 293 1738; x_wconf 88' lang='lat' dir='ltr'><strong>cum</strong></span> <span class='ocrx_word' id='word_1_240' title='bbox 320 1703 447 1751; x_wconf 88' lang='lat' dir='ltr'><strong>paucis</strong></span> <span class='ocrx_word' id='word_1_241' title='bbox 478 1703 524 1739; x_wconf 87' lang='lat' dir='ltr'><strong>ad</strong></span> <span class='ocrx_word' id='word_1_242' title='bbox 554 1702 697 1751; x_wconf 83' lang='lat' dir='ltr'><strong>pedites</strong></span> <span class='ocrx_word' id='word_1_243' title='bbox 726 1700 928 1745; x_wconf 83' lang='lat' dir='ltr'><strong>convortit3</strong></span> <span class='ocrx_word' id='word_1_244' title='bbox 956 1699 1008 1736; x_wconf 92' lang='lat' dir='ltr'><strong>ibi</strong></span> <span class='ocrx_word' id='word_1_245' title='bbox 1037 1698 1170 1736; x_wconf 78' lang='lat' dir='ltr'><strong>Latine</strong></span> <span class='ocrx_word' id='word_1_246' title='bbox 1198 1698 1298 1749; x_wconf 85' lang='lat' dir='ltr'><strong>(nam</strong></span> 
     </span>
     <span class='ocr_line' id='line_1_32' title="bbox 81 1752 1298 1805; baseline -0.001 -13"><span class='ocrx_word' id='word_1_247' title='bbox 81 1755 181 1805; x_wconf 88' lang='lat' dir='ltr'><strong>apud</strong></span> <span class='ocrx_word' id='word_1_248' title='bbox 216 1754 454 1793; x_wconf 86' lang='lat' dir='ltr'><strong>Numantiam</strong></span> <span class='ocrx_word' id='word_1_249' title='bbox 500 1755 603 1804; x_wconf 88' lang='lat' dir='ltr'><strong>loqui</strong></span> <span class='ocrx_word' id='word_1_250' title='bbox 649 1753 856 1803; x_wconf 75' lang='lat' dir='ltr'><strong>didicerat,)</strong></span> <span class='ocrx_word' id='word_1_251' title='bbox 896 1753 1094 1789; x_wconf 83' lang='lat' dir='ltr'><strong>exclamat:</strong></span> <span class='ocrx_word' id='word_1_252' title='bbox 1140 1752 1298 1791; x_wconf 79' lang='lat' dir='ltr'><strong>Nostris</strong></span> 
     </span>
     <span class='ocr_line' id='line_1_33' title="bbox 70 1805 1298 1859; baseline -0.001 -14"><span class='ocrx_word' id='word_1_253' title='bbox 70 1806 229 1858; x_wconf 68' lang='lat' dir='ltr'><strong>frustrc&#39;t</strong></span> <span class='ocrx_word' id='word_1_254' title='bbox 252 1822 451 1859; x_wconf 77' lang='lat' dir='ltr'><strong>pugnare:</strong></span> <span class='ocrx_word' id='word_1_255' title='bbox 487 1806 603 1858; x_wconf 78' lang='lat' dir='ltr'><strong>paulo</strong></span> <span class='ocrx_word' id='word_1_256' title='bbox 632 1806 718 1844; x_wconf 67' lang='lat' dir='ltr'><strong>ante</strong></span> <span class='ocrx_word' id='word_1_257' title='bbox 743 1806 915 1843; x_wconf 64' lang='lat' dir='ltr'><strong>[Uarium</strong></span> <span class='ocrx_word' id='word_1_258' title='bbox 945 1805 1014 1843; x_wconf 62' lang='lat' dir='ltr'><strong>suci</strong></span> <span class='ocrx_word' id='word_1_259' title='bbox 1040 1819 1157 1842; x_wconf 79' lang='lat' dir='ltr'><strong>manu</strong></span> <span class='ocrx_word' id='word_1_260' title='bbox 1186 1806 1298 1844; x_wconf 79' lang='lat' dir='ltr'><strong>inter-</strong></span> 
     </span>
     <span class='ocr_line' id='line_1_34' title="bbox 69 1859 1295 1912; baseline -0.001 -14"><span class='ocrx_word' id='word_1_261' title='bbox 69 1863 241 1911; x_wconf 76' lang='lat' dir='ltr'><strong>fectum:</strong></span> <span class='ocrx_word' id='word_1_262' title='bbox 298 1862 406 1899; x_wconf 90' lang='lat' dir='ltr'><strong>simul</strong></span> <span class='ocrx_word' id='word_1_263' title='bbox 451 1862 613 1912; x_wconf 84' lang='lat' dir='ltr'><strong>gladium</strong></span> <span class='ocrx_word' id='word_1_264' title='bbox 661 1860 837 1910; x_wconf 88' lang='lat' dir='ltr'><strong>sanguine</strong></span> <span class='ocrx_word' id='word_1_265' title='bbox 884 1859 1042 1896; x_wconf 67' lang='lat' dir='ltr'><strong>oblitum</strong></span> <span class='ocrx_word' id='word_1_266' title='bbox 1087 1860 1295 1905; x_wconf 84' lang='lat' dir='ltr'><strong>ostendere,</strong></span> 
     </span>
     <span class='ocr_line' id='line_1_35' title="bbox 79 1913 1297 1966; baseline -0.002 -14"><span class='ocrx_word' id='word_1_267' title='bbox 79 1928 190 1965; x_wconf 91' lang='lat' dir='ltr'><strong>quem</strong></span> <span class='ocrx_word' id='word_1_268' title='bbox 217 1915 255 1951; x_wconf 87' lang='lat' dir='ltr'><strong>in</strong></span> <span class='ocrx_word' id='word_1_269' title='bbox 280 1916 420 1966; x_wconf 70' lang='lat' dir='ltr'><strong>pugna,</strong></span> <span class='ocrx_word' id='word_1_270' title='bbox 452 1914 543 1952; x_wconf 75' lang='lat' dir='ltr'><strong>satis</strong></span> <span class='ocrx_word' id='word_1_271' title='bbox 571 1913 727 1963; x_wconf 80' lang='lat' dir='ltr'><strong>impigre</strong></span> <span class='ocrx_word' id='word_1_272' title='bbox 756 1913 879 1950; x_wconf 88' lang='lat' dir='ltr'><strong>occiso</strong></span> <span class='ocrx_word' id='word_1_273' title='bbox 910 1913 1028 1961; x_wconf 87' lang='lat' dir='ltr'><strong>pedite</strong></span> <span class='ocrx_word' id='word_1_274' title='bbox 1060 1918 1199 1957; x_wconf 82' lang='lat' dir='ltr'><strong>nostro,</strong></span> <span class='ocrx_word' id='word_1_275' title='bbox 1219 1927 1297 1950; x_wconf 86' lang='lat' dir='ltr'><strong>cru-</strong></span> 
     </span>
     <span class='ocr_line' id='line_1_36' title="bbox 78 1964 1295 2016; baseline 0 -12"><span class='ocrx_word' id='word_1_276' title='bbox 78 1974 278 2006; x_wconf 83' lang='lat' dir='ltr'><strong>entaverat.</strong></span> <span class='ocrx_word' id='word_1_277' title='bbox 332 1969 443 2012; x_wconf 86' lang='lat' dir='ltr'><strong>Quod</strong></span> <span class='ocrx_word' id='word_1_278' title='bbox 471 1969 532 2005; x_wconf 89' lang='lat' dir='ltr'><strong>ubi</strong></span> <span class='ocrx_word' id='word_1_279' title='bbox 563 1967 694 2004; x_wconf 85' lang='lat' dir='ltr'><strong>milites</strong></span> <span class='ocrx_word' id='word_1_280' title='bbox 726 1965 924 2016; x_wconf 68' lang='lat' dir='ltr'><strong>accepere3</strong></span> <span class='ocrx_word' id='word_1_281' title='bbox 962 1964 1081 2015; x_wconf 76' lang='lat' dir='ltr'><strong>magis</strong></span> <span class='ocrx_word' id='word_1_282' title='bbox 1108 1966 1295 2004; x_wconf 83' lang='lat' dir='ltr'><strong>atrocitate</strong></span> 
     </span>
     <span class='ocr_line' id='line_1_37' title="bbox 78 2019 1296 2071; baseline 0 -14"><span class='ocrx_word' id='word_1_283' title='bbox 78 2022 144 2066; x_wconf 89' lang='lat' dir='ltr'><strong>rei,</strong></span> <span class='ocrx_word' id='word_1_284' title='bbox 170 2020 283 2071; x_wconf 71' lang='lat' dir='ltr'><strong>quam</strong></span> <span class='ocrx_word' id='word_1_285' title='bbox 314 2022 385 2058; x_wconf 89' lang='lat' dir='ltr'><strong>fide</strong></span> <span class='ocrx_word' id='word_1_286' title='bbox 411 2022 548 2068; x_wconf 86' lang='lat' dir='ltr'><strong>nuncii,</strong></span> <span class='ocrx_word' id='word_1_287' title='bbox 579 2026 785 2057; x_wconf 88' lang='lat' dir='ltr'><strong>terrentur:</strong></span> <span class='ocrx_word' id='word_1_288' title='bbox 830 2019 1009 2069; x_wconf 87' lang='lat' dir='ltr'><strong>simulque</strong></span> <span class='ocrx_word' id='word_1_289' title='bbox 1039 2020 1186 2056; x_wconf 83' lang='lat' dir='ltr'><strong>barbari</strong></span> <span class='ocrx_word' id='word_1_290' title='bbox 1218 2021 1296 2057; x_wconf 84' lang='lat' dir='ltr'><strong>ani-</strong></span> 
     </span>
     <span class='ocr_line' id='line_1_38' title="bbox 78 2072 1294 2123; baseline 0 -13"><span class='ocrx_word' id='word_1_291' title='bbox 78 2087 158 2111; x_wconf 89' lang='lat' dir='ltr'><strong>mos</strong></span> <span class='ocrx_word' id='word_1_292' title='bbox 193 2074 334 2121; x_wconf 88' lang='lat' dir='ltr'><strong>tollere,</strong></span> <span class='ocrx_word' id='word_1_293' title='bbox 366 2080 401 2112; x_wconf 88' lang='lat' dir='ltr'><strong>et</strong></span> <span class='ocrx_word' id='word_1_294' title='bbox 430 2075 465 2110; x_wconf 93' lang='lat' dir='ltr'><strong>in</strong></span> <span class='ocrx_word' id='word_1_295' title='bbox 498 2074 688 2123; x_wconf 85' lang='lat' dir='ltr'><strong>perculsos</strong></span> <span class='ocrx_word' id='word_1_296' title='bbox 718 2072 908 2109; x_wconf 83' lang='lat' dir='ltr'><strong>Romanos</strong></span> <span class='ocrx_word' id='word_1_297' title='bbox 945 2072 1078 2118; x_wconf 69' lang='lat' dir='ltr'><strong>acrius,</strong></span> <span class='ocrx_word' id='word_1_298' title='bbox 1111 2073 1294 2113; x_wconf 73' lang='lat' dir='ltr'><strong>incedere,</strong></span> 
     </span>
     <span class='ocr_line' id='line_1_39' title="bbox 76 2125 1293 2178; baseline -0.001 -14"><span class='ocrx_word' id='word_1_299' title='bbox 76 2127 232 2176; x_wconf 87' lang='lat' dir='ltr'><strong>Jamque</strong></span> <span class='ocrx_word' id='word_1_300' title='bbox 251 2129 401 2177; x_wconf 78' lang='lat' dir='ltr'><strong>paulum</strong></span> <span class='ocrx_word' id='word_1_301' title='bbox 420 2127 441 2164; x_wconf 73' lang='lat' dir='ltr'><strong>a</strong></span> <span class='ocrx_word' id='word_1_302' title='bbox 460 2127 552 2178; x_wconf 65' lang='lat' dir='ltr'><strong>fuga</strong></span> <span class='ocrx_word' id='word_1_303' title='bbox 570 2129 717 2172; x_wconf 85' lang='lat' dir='ltr'><strong>aberat3</strong></span> <span class='ocrx_word' id='word_1_304' title='bbox 747 2126 830 2163; x_wconf 78' lang='lat' dir='ltr'><strong>cum</strong></span> <span class='ocrx_word' id='word_1_305' title='bbox 859 2125 975 2169; x_wconf 89' lang='lat' dir='ltr'><strong>Sulla,</strong></span> <span class='ocrx_word' id='word_1_306' title='bbox 1004 2125 1208 2175; x_wconf 85' lang='lat' dir='ltr'><strong>profligatis</strong></span> <span class='ocrx_word' id='word_1_307' title='bbox 1236 2127 1293 2169; x_wconf 89' lang='lat' dir='ltr'><strong>iis,</strong></span> 
     </span>
     <span class='ocr_line' id='line_1_40' title="bbox 76 2178 1294 2229; baseline 0.001 -13"><span class='ocrx_word' id='word_1_308' title='bbox 76 2193 172 2229; x_wconf 89' lang='lat' dir='ltr'><strong>quos</strong></span> <span class='ocrx_word' id='word_1_309' title='bbox 191 2181 388 2218; x_wconf 78' lang='lat' dir='ltr'><strong>advorsum</strong></span> <span class='ocrx_word' id='word_1_310' title='bbox 411 2180 515 2227; x_wconf 67' lang='lat' dir='ltr'><strong>ierat,</strong></span> <span class='ocrx_word' id='word_1_311' title='bbox 542 2181 701 2225; x_wconf 77' lang='lat' dir='ltr'><strong>rediens,</strong></span> <span class='ocrx_word' id='word_1_312' title='bbox 734 2181 780 2216; x_wconf 84' lang='lat' dir='ltr'><strong>ab</strong></span> <span class='ocrx_word' id='word_1_313' title='bbox 811 2179 924 2216; x_wconf 86' lang='lat' dir='ltr'><strong>latere</strong></span> <span class='ocrx_word' id='word_1_314' title='bbox 953 2179 1104 2215; x_wconf 84' lang='lat' dir='ltr'><strong>Mauros</strong></span> <span class='ocrx_word' id='word_1_315' title='bbox 1133 2178 1294 2217; x_wconf 83' lang='lat' dir='ltr'><strong>incurrit.</strong></span> 
     </span>
     <span class='ocr_line' id='line_1_41' title="bbox 77 2228 1297 2282; baseline 0.001 -13"><span class='ocrx_word' id='word_1_316' title='bbox 77 2228 248 2270; x_wconf 84' lang='lat' dir='ltr'><strong>Boc&#39;chus</strong></span> <span class='ocrx_word' id='word_1_317' title='bbox 285 2233 409 2271; x_wconf 75' lang='lat' dir='ltr'><strong>statim</strong></span> <span class='ocrx_word' id='word_1_318' title='bbox 445 2235 632 2275; x_wconf 85' lang='lat' dir='ltr'><strong>avertitur.</strong></span> <span class='ocrx_word' id='word_1_319' title='bbox 700 2232 751 2269; x_wconf 88' lang='lat' dir='ltr'><strong>At</strong></span> <span class='ocrx_word' id='word_1_320' title='bbox 785 2232 986 2282; x_wconf 80' lang='lat' dir='ltr'><strong>Jugurtha;</strong></span> <span class='ocrx_word' id='word_1_321' title='bbox 1033 2232 1120 2268; x_wconf 90' lang='lat' dir='ltr'><strong>dum</strong></span> <span class='ocrx_word' id='word_1_322' title='bbox 1156 2239 1297 2270; x_wconf 78' lang='lat' dir='ltr'><strong>susten-</strong></span> 
     </span>
     <span class='ocr_line' id='line_1_42' title="bbox 74 2285 1295 2339; baseline 0.002 -17"><span class='ocrx_word' id='word_1_323' title='bbox 74 2291 154 2324; x_wconf 82' lang='lat' dir='ltr'><strong>tare</strong></span> <span class='ocrx_word' id='word_1_324' title='bbox 174 2300 275 2334; x_wconf 87' lang='lat' dir='ltr'><strong>suos,</strong></span> <span class='ocrx_word' id='word_1_325' title='bbox 293 2293 330 2326; x_wconf 90' lang='lat' dir='ltr'><strong>et</strong></span> <span class='ocrx_word' id='word_1_326' title='bbox 349 2287 463 2338; x_wconf 76' lang='lat' dir='ltr'><strong>prope</strong></span> <span class='ocrx_word' id='word_1_327' title='bbox 487 2288 563 2339; x_wconf 88' lang='lat' dir='ltr'><strong>jam</strong></span> <span class='ocrx_word' id='word_1_328' title='bbox 584 2287 755 2336; x_wconf 86' lang='lat' dir='ltr'><strong>adeptam</strong></span> <span class='ocrx_word' id='word_1_329' title='bbox 772 2285 959 2324; x_wconf 87' lang='lat' dir='ltr'><strong>victoriam</strong></span> <span class='ocrx_word' id='word_1_330' title='bbox 979 2285 1148 2331; x_wconf 85' lang='lat' dir='ltr'><strong>retinere,</strong></span> <span class='ocrx_word' id='word_1_331' title='bbox 1167 2287 1269 2335; x_wconf 86' lang='lat' dir='ltr'><strong>cupit</strong></span> <span class='ocrx_word' id='word_1_332' title='bbox 1286 2303 1295 2335; x_wconf 81' lang='lat'><em>3</em></span> 
     </span>
     <span class='ocr_line' id='line_1_43' title="bbox 679 2352 700 2376; baseline 0 0"><span class='ocrx_word' id='word_1_333' title='bbox 679 2352 700 2376; x_wconf 82' lang='lat' dir='ltr'>F</span> 
     </span>
    </p>
   </div>
  </div>
 </body>
</html>
