1492 2531
109 67 181 105 172

158 176 263 205 Mario
282 175 475 206 consulatum
496 179 527 204 et
543 173 728 204 Numidiam

160 218 264 248 datam
304 219 364 249 fert
410 217 626 258 impotentius,
675 220 728 247 853.

162 261 288 292 Boccho
301 272 356 302 per
379 261 512 302 Legatos
528 271 638 301 pacem
659 271 730 290 sua-

160 303 213 334 det
240 315 309 336 cum
343 304 508 340 Romanis,
538 306 589 333 84.
633 303 731 332 Marii

160 355 361 388 conspectum
396 347 487 386 fugit,
525 348 576 376 89.
620 345 731 376 Romae

161 396 268 421 contra
294 402 383 431 spem
413 390 581 419 laetissimis
618 389 732 419 animis

163 435 325 474 excipitur,
346 436 398 464 89.

122 477 260 517 Micipsa
281 477 459 506 Masinissae
481 476 562 506 filius
587 480 619 505 et
647 473 734 514 regni

163 521 273 554 haeres,
300 520 497 560 Jugurfflam,
520 519 606 559 cujus
628 523 733 558 potes-

164 569 260 593 tatem
276 569 307 593 et
322 569 514 593 crescentem
529 562 561 592 in
584 560 652 591 dies
667 562 735 601 glo-

162 606 241 636 riam
258 606 458 641 formidaha*,
479 606 519 634 ad
539 604 651 634 bellum
670 604 735 633 Nu-

162 649 336 679 mantinum
362 649 468 684 mittit,
495 658 565 678 eum
590 647 736 686 periculis

164 691 340 730 objectandi
357 699 388 722 et
403 690 601 732 opprimendi
625 689 736 730 gratia,

165 737 218 765 39.
249 745 319 765 eum
350 742 467 769 tamen,
497 735 609 763 virtute
640 733 737 772 ipsius

166 784 338 818 permotus,
364 779 501 816 adoptat,
524 783 556 806 et
582 776 737 805 haeredem

166 833 237 852 cum
264 822 328 852 suis
356 822 427 851 filiis
455 819 613 852 instituit·‚
646 819 738 858 eique

165 864 259 905 paul&
295 872 367 895 ante
416 869 559 898 mortem,
606 861 737 903 filiisque

166 907 319 939 mandata
345 909 400 938 dat
426 916 582 946 suprema,
611 907 664 935 40.

126 951 326 984 Mithridatis
351 950 483 991 epistola
508 949 549 979 ad
577 947 739 983 Arsacem,

171 997 242 1025 127.

127 1038 281 1070 Mulucha.
307 1037 421 1067 flumen
444 1035 620 1075 ·Jugurthae
658 1034 741 1065 Boc-

170 1081 283 1120 chique
326 1089 455 1119 regnum
490 1077 650 1118 disjungit,
690 1081 740 1110 92.

172 1124 212 1155 ad
239 1123 423 1154 Mulucham
459 1121 634 1152 Castellum
670 1122 741 1151 Ma-

170 1169 234 1198 rius
249 1166 345 1206 capit,
362 1168 412 1200 92,
430 1166 481 1196 93.

129 1212 267 1242 Murena
288 1208 452 1240 Citerioris
474 1207 587 1239 Galliae
609 1207 742 1248 legatus,

132 1296 259 1328 Muthul
275 1295 306 1325 N
310 1294 433 1325 umidiae
449 1294 574 1331 flumen,
588 1295 639 1325 65.

418 1353 462 1385 N.

134 1398 298 1430 Nabdalsa
314 1397 332 1427 ὲ
344 1397 520 1428 Bomilcare
535 1396 568 1426 in
583 1397 747 1428 consilium

176 1448 208 1472 et
231 1440 392 1482 Jugurthae
417 1440 586 1481 perniciem
607 1448 748 1476 vocatus,

176 1485 195 1514 ’ἂ
220 1485 333 1515 cliente
360 1484 510 1524 proditus,
539 1486 592 1517 78.
635 1484 747 1525 Jugut-

177 1528 263 1558 tham
274 1534 380 1557 tamen
393 1527 511 1566 placat,
527 1528 567 1559 ib.

134 1572 308 1601 Numantia
320 1570 434 1606 deleta¹
451 1573 502 1600 40.

136 1613 345 1645 Numidarum
373 1612 533 1653 ingenium
570 1619 601 1644 et
635 1624 747 1649 mores,

178 1660 230 1688 41.
249 1659 301 1687 47.
316 1659 368 1688 64.
385 1658 436 1687 69.
451 1659 502 1687 83.
520 1660 570 1688 90.

424 1716 451 1746 O

135 1761 287 1791 Octavius
301 1760 386 1790 Rufo
400 1767 543 1800 quaestor,
560 1763 632 1791 100.

138 1804 282 1843 Opimius
302 1803 469 1843 legationis
485 1803 639 1835 Romanae
664 1804 747 1844 prin-

179 1857 253 1886 ceps
267 1846 446 1886 &Jugurzha
463 1848 678 1886 corrumpitur,
694 1850 746 1879 46.

140 1890 250 1920 Oratio
265 1889 411 1920 Catiliuae
427 1889 465 1919 ad
482 1889 678 1930 ConjuratOS,
696 1894 747 1920 10.

181 1933 222 1962 ad
246 1933 373 1968 milites,
388 1934 439 1963 33.
485 1932 618 1963 Caesaris
631 1941 661 1963 et
687 1933 747 1964 Ca-

180 1976 262 2006 tonis
275 1976 314 2006 de
328 1975 503 2015 conjuratis,
520 1978 571 2005 24.
587 1979 639 2006 28.
682 1977 748 2006 Mi-

180 2019 273 2058 cipsae
302 2019 342 2049 ad
368 2018 447 2048 filios
482 2025 514 2048 et
549 2019 747 2059 Jugurtham,

180 2065 234 2091 40.
270 2062 450 2092 Atherbalis
465 2061 506 2091 ad
520 2061 682 2097 Senatum,
696 2065 748 2093 43.

179 2104 325 2135 Memmii
340 2104 379 2134 ad
394 2105 560 2145 Populum,
577 2106 631 2136 54.
653 2106 750 2136 Marii

180 2147 219 2177 ad
263 2149 430 2187 Populum,
469 2150 520 2179 85.
576 2149 668 2178 Sullae
709 2149 750 2178 ad

179 2190 348 2225 Bocchum,
379 2193 429 2221 98.
471 2190 589 2221 Bocchi
615 2192 655 2221 ad
681 2191 749 2221 Sul-

181 2235 254 2269 lam,
286 2236 359 2264 102.
403 2233 515 2273 Lepidi
544 2240 651 2264 contra
678 2235 748 2264 Sul-

180 2277 255 2312 lam,
277 2278 347 2306 107.
391 2276 530 2317 Philippi
557 2284 661 2308 contra
687 2278 749 2309 Le·

675 81 816 107 INDEX.

814 173 934 214 pidum,
952 177 1022 206 110.
1047 175 1161 206 Licinii
1184 175 1222 206 ad
1247 176 1391 212 Plebem,

817 220 887 248 ΗΞ.
934 217 1034 249 Cottae
1051 218 1091 249 ad
1107 219 1274 260 Populum,
1297 221 1368 250 133.

776 345 893 375 Paulus
917 346 985 386 lege
1002 346 1127 377 Plautia
1152 346 1323 378 Catilinam
1345 346 1393 377 in-

819 394 968 429 terrogat,
985 392 1036 419 15.

778 431 882 461 Persae
911 431 1044 462 navibus
1070 432 1104 462 in
1127 432 1269 463 Africam
1298 438 1394 462 trans-

823 475 914 510 vecti,
931 477 984 504 47.

781 516 894 547 Perses
915 528 987 548 cum
1009 517 1162 547 Romanis
1186 518 1302 548 bellum
1328 527 1397 558 ges·

822 562 877 598 sit,
905 561 957 591 25.
994 560 1136 600 Philippi
1161 561 1254 596 filius,
1281 561 1397 591 insom-

824 603 885 632 niis
901 603 1033 637 occisus,
1050 606 1120 633 127.

782 645 912 676 Petreio
927 647 1031 687 legato
1059 645 1233 677 exercitum
1247 646 1398 686 permittit

826 687 982 719 Antonius
997 689 1131 729 pedibus
1147 699 1240 730 aeger,
1257 691 1311 719 34.

783 730 917 762 Philaeni
941 733 1053 762 fratres
1075 743 1108 762 se
1131 743 1282 773 suamque
1303 731 1400 761 vitam

826 775 1004 815 reipublicae
1017 777 1206 811 condonant,
1221 778 1274 805 82.

784 816 924 859 Philippi
957 818 1057 848 oratio
1097 825 1203 849 contra
1234 817 1399 858 Lepidum,

789 901 957 935 Phoenices
1007 904 1199 945 Hipponem,
1248 903 1401 945 Adi-yme-

828 952 906 982 tum,
936 947 1071 987 Leptim,
1106 947 1247 988 aliasque
1284 947 1401 977 multas

827 990 919 1020 urbes
947 990 979 1019 in
1015 990 1068 1020 ora
1098 990 1210 1022 Africae
1243 989 1402 1020 maritima

828 1032 1044 1068 condiderunt,
1061 1035 1112 1064 38.

788 1073 863 1105 Piso
878 1075 938 1106 Cn.
961 1076 1146 1106 adolescens
1158 1075 1309 1106 factiosus
1332 1087 1402 1106 cum

831 1117 969 1149 Catilina
1005 1119 1138 1149 consilia
1174 1119 1404 1157 communicat,

828 1162 861 1192 in
886 1161 1071 1191 Citeriotem
1093 1161 1281 1202 Hispaniam
1305 1171 1403 1202 quaes-

832 1212 879 1235 tor
901 1205 1026 1240 missus,
1050 1204 1156 1245 ibique
1181 1204 1220 1234 ab
1249 1204 1403 1245 equitibus

833 1247 987 1287 Hispanis
1001 1248 1131 1282 occisus,
1147 1249 1178 1277 9.

789 1292 864 1322 Piso
893 1290 931 1320 C.
959 1290 992 1320 iu
1015 1290 1135 1330 judicio
1160 1289 1404 1330 repetundarum

834 1340 1043 1374 oppugnatus,
1058 1334 1191 1374 ideoque
1214 1334 1332 1364 Caesari
1354 1333 1404 1363 in-

833 1377 950 1412 fensus,
969 1378 1021 1414 23,
1036 1379 1089 1408 24.

790 1419 957 1460 Pompeius
984 1420 1033 1449 M.
1063 1419 1184 1449 Licinio
1213 1419 1330 1450 Crasso
1357 1420 1405 1450 in-

833 1463 929 1498 visus,
947 1464 977 1492 9.
999 1463 1037 1492 ob
1061 1463 1234 1502 potentiam
1255 1463 1404 1493 formida-

832 1506 915 1542 bilis,
939 1506 978 1536 ib.
1000 1516 1069 1536 cum
1087 1505 1204 1536 Crasso
1227 1506 1334 1536 consul
1349 1506 1403 1536 tri-

832 1549 982 1579 bunitiam
1024 1554 1212 1588 potestatem
1256 1549 1403 1584 restituit,

833 1595 884 1622 18.
899 1592 939 1622 ad
956 1592 1071 1621 bellum
1096 1590 1348 1622 Mithridaticum
1371 1599 1403 1623 et

832 1635 1023 1666 maritimum
1052 1635 1177 1669 missus,
1206 1636 1255 1664 19.
1296 1634 1404 1665 scribit

832 1679 999 1719 epistolam
1046 1677 1085 1707 ad
1128 1677 1289 1713 Senatum,
1330 1680 1403 1708 120.

831 1722 908 1752 nihil
925 1720 1046 1756 maluit,
1063 1720 1155 1761 quam
1179 1719 1261 1761 quod
1285 1720 1403 1751 Caesari

832 1765 968 1800 obesset,
987 1766 1059 1794 151.

791 1807 963 1848 Pompeius
983 1806 1086 1837 Rufus
1113 1814 1227 1847 praetor
1261 1806 1402 1848 Capuam

831 1852 971 1888 missum,
986 1853 1035 1880 14,

790 1894 975 1934 Pomptinus
990 1899 1113 1934 praetor,
1128 1896 1179 1923 21.

790 1937 991 1966 Posthumius
1018 1944 1049 1967 et
1075 1937 1231 1967 Favonius
1253 1947 1400 1977 superva-

830 1990 926 2010 canea
941 1990 1045 2015 onera,
1064 1982 1134 2011 155.

791 2022 942 2053 Punicum
979 2023 1096 2053 bellum
1134 2023 1315 2061 secuudum,
1349 2025 1398 2053 38.

835 2066 956 2096 Punica
970 2065 1059 2102 fides,
1076 2069 1146 2096 102.

792 2195 983 2231 Quaesitores
1001 2201 1064 2226 tres
1080 2153 1126 2225 (ἐκ
1153 2195 1341 2226 Mamiliam}
1355 2206 1405 2226 ro-

834 2239 957 2277 gatione
972 2245 1127 2278 rogantur,
1143 2240 1195 2269 61.

791 2281 937 2318 Quaestor
950 2292 1006 2324 pro
1020 2287 1160 2323 praetore,
1177 2284 1205 2312 9.
