1492 2531
379 142 595 183 BELLUM
624 141 1036 182 CATILINARIUM.
1305 143 1328 179 7

106 248 172 300 qui
187 247 327 295 videre,
344 247 480 284 nemini
505 245 695 284 credibilia
714 252 821 293 sunt;
851 244 872 284 a
901 245 1053 295 privatis
1079 244 1329 295 compluribus

105 304 304 340 subversos
322 306 480 345 montes,
508 301 624 337 maria
653 306 838 336 constrata
866 298 980 336 esse?
1009 299 1144 349 quibus
1172 298 1330 335 ludibrio

105 356 193 392 mihi
217 355 385 392 videntur
400 354 513 391 fuisse
533 353 695 391 divitiae:
725 353 880 402 quippe,
903 366 995 401 quas
1020 351 1175 389 honeste
1193 352 1329 389 habere

106 408 253 452 licebat,
273 421 340 457 per
362 407 627 457 turpitudinem
650 407 754 443 abuti
780 407 1043 456 properabant.
1100 405 1178 442 Sed
1201 404 1330 442 lubido

107 462 238 510 stupri,
281 474 426 511 ganeae,
470 460 669 510 caeterique
699 458 832 505 cultfis,
862 472 936 496 non
964 459 1083 496 minor
1116 459 1330 495 incesserat.

108 513 189 550 Viri
220 514 297 564 pati
332 513 553 558 muliebria3
601 512 771 550 mulieres
808 512 1025 562 pudicitiam
1063 512 1102 549 in
1133 511 1331 561 propatulo

104 566 263 614 habere3
291 567 466 605 vescendi
494 565 618 613 causa,
645 565 746 603 terra
773 564 942 615 marique
971 565 1093 603 omnia
1118 565 1332 616 exquirere3

105 617 264 657 dormire
302 618 419 670 prius,
454 619 567 670 quam
603 620 724 657 somni
757 619 893 669 cupido
937 625 1057 656 esset:
1101 632 1175 656 non
1199 619 1333 656 famem

104 679 169 710 aut
198 674 308 719 sitim,
358 687 478 724 neque
514 674 642 723 frigus,
689 687 809 723 neque
856 672 1111 709 lassitudinem
1160 673 1334 722 opperiri,

106 726 174 763 sed
202 740 245 763 ea
275 727 398 764 omnia
427 727 517 763 luxu
545 726 630 763 ante
667 740 813 776 capere.
868 726 964 763 Haec
990 727 1239 776 juventutem,
1269 726 1334 763 ubi

105 779 301 817 familiares
331 793 420 829 opes
446 780 668 824 defecerant,
692 779 856 817 facinora
879 779 1151 825 incendebant3
1178 779 1336 824 animus,

105 833 270 870 imbutus
299 833 406 870 malis
435 833 590 880 artibus,
631 833 730 870 haud
759 832 871 870 facile
900 832 1130 870 lubidinibus
1160 833 1332 870 carebat:

106 884 152 922 εὸ
170 884 356 937 profusius
387 886 558 924 omnibus
583 887 701 924 modis
732 886 894 939 quaestui
919 892 1031 936 atque
1051 886 1214 937 sumptui
1234 886 1337 923 dedi-

106 945 166 976 tus
182 946 275 977 erat.

160 992 206 1029 In
223 991 327 1030 tanta
344 998 493 1043 tamque
513 991 688 1042 corrupta
706 992 853 1030 civitate
869 992 1043 1038 Catilina,
1062 992 1101 1030 id
1117 994 1220 1043 quod
1233 993 1336 1031 factu

107 1045 323 1082 facillimum
338 1051 430 1093 erat,
451 1046 614 1082 omnium
628 1046 896 1096 flagitiosorum
915 1052 1026 1097 atque
1046 1046 1336 1090 facinorosorum

107 1096 247 1136 circum
268 1113 321 1143 se,
347 1105 537 1149 tamquam
561 1099 795 1149 stipatorum,
823 1106 990 1138 catervas
1010 1100 1182 1138 habebat.
1236 1100 1337 1137 Nam

108 1153 332 1202 quicumque
385 1153 612 1201 impudicuS,
650 1153 807 1197 adulter,
843 1167 977 1202 ganeo,
1027 1167 1152 1198 manu,
1196 1161 1338 1198 ventre,

108 1218 218 1254 pene,
246 1207 346 1242 bona
374 1205 495 1255 patria
518 1205 760 1252 laceraverat,
786 1206 923 1255 quique
939 1207 1100 1244 alienum
1126 1220 1178 1244 aes
1198 1208 1337 1257 grande

110 1258 346 1303 conflaverat,
367 1257 443 1308 quo
458 1258 639 1308 flagitium
658 1264 722 1295 aut
735 1259 876 1295 facinus
896 1260 1114 1306 redimeret;
1142 1261 1338 1309 praeterea,

110 1324 236 1347 omnes
263 1312 424 1360 undique
449 1311 657 1359 parricidae,
685 1311 873 1362 sacrilegi,
902 1314 1062 1350 convicti
1085 1313 1250 1363 judiciis,
1275 1320 1339 1351 aut

110 1376 177 1412 pro
206 1364 313 1400 factis
339 1364 522 1414 judicium
549 1365 745 1410 timentes;
774 1365 821 1401 ad
840 1366 924 1411 hoc,
948 1380 1042 1415 quos
1065 1380 1196 1404 manus
1225 1373 1337 1417 atque

109 1416 239 1466 lingua
261 1418 423 1468 perjurio
443 1422 480 1454 et
498 1418 679 1468 sanguine
700 1417 799 1454 civili
815 1418 959 1466 alebat3
989 1418 1191 1469 postremo,
1210 1434 1338 1458 omnes

110 1483 204 1518 quos
239 1470 431 1520 flagitium,
471 1477 635 1520 egestas,
666 1471 837 1508 conscius
865 1473 1008 1510 animus
1042 1474 1274 1524 exagitabat,
1304 1475 1341 1511 hi

112 1523 281 1560 Catilinae
298 1523 467 1573 proxumi
485 1524 759 1574 familiaresque
779 1531 893 1563 erant.
935 1525 1046 1570 Quod
1067 1527 1098 1563 si
1112 1527 1208 1577 quis,
1228 1527 1339 1565 etiam

112 1575 136 1613 εὶ
161 1575 273 1626 culpa
305 1591 457 1621 vacuus,
484 1577 522 1613 in
552 1577 750 1614 amicitiam
788 1579 867 1629 ejus
896 1579 1096 1626 inciderat3
1124 1581 1340 1630 quotidiano

113 1643 184 1666 usu
215 1636 326 1680 atque
344 1629 532 1667 illecebris
566 1630 676 1667 facile
699 1644 768 1680 par
798 1632 1005 1683 similisque
1034 1634 1180 1671 caeteris
1208 1634 1342 1672 efficie-

113 1683 233 1720 batur.
288 1683 364 1720 sed
383 1682 556 1720 maxume
585 1683 876 1722 adolescentium
894 1685 1162 1724 familiaritates
1188 1695 1344 1737 appete-

113 1736 189 1773 bat.
242 1736 380 1772 Eorum
402 1737 515 1773 animi
538 1736 685 1782 molles,
713 1744 750 1774 et
767 1744 876 1775 aetate
895 1739 997 1785 fluxi,
1019 1739 1114 1776 dolis
1134 1740 1234 1777 haud
1252 1741 1344 1778 diffi-

113 1788 234 1826 culter
248 1789 500 1839 capiebantur.
553 1790 666 1834 Nam,
685 1788 739 1827 uti
765 1791 949 1842 cujusque
973 1793 1136 1829 studium
1163 1808 1208 1831 ex
1227 1801 1338 1834 aetate

113 1842 307 1892 flagrabat,
347 1842 427 1879 aliis
456 1848 579 1880 scorta
605 1844 788 1893 praebere,
830 1845 911 1882 aliis
942 1858 1052 1883 canes
1081 1853 1191 1896 atque
1222 1861 1339 1898 equos

114 1895 288 1933 mercari:
318 1895 520 1944 postremo,
547 1910 670 1947 neque
700 1899 863 1947 sumptui
891 1913 1012 1949 neque
1036 1900 1229 1938 modestiae
1260 1916 1339 1939 suae

114 1961 280 1997 parcere,
308 1948 394 1985 dum
431 1949 514 1987 illos
539 1951 719 1987 obnoxios
746 1951 914 2002 fidosque
944 1952 1017 1989 sibi
1047 1953 1198 1992 faceret.
1251 1955 1339 1993 Scio

114 2001 230 2038 fuisse
262 2002 474 2049 nonnullos,
493 2003 557 2053 qui
586 2003 639 2040 ita
668 2005 946 2051 existumarent,
979 2006 1227 2056 juventutem,
1253 2022 1339 2058 quae

115 2054 266 2091 domum
297 2054 469 2092 Catilinae
496 2057 769 2106 frequentabat,
798 2072 929 2107 parum
949 2058 1103 2097 honeste
1122 2062 1339 2110 pudicitiam

115 2107 313 2153 habuisse3
343 2109 410 2145 sed
422 2122 467 2145 ex
482 2108 562 2145 aliis
583 2110 696 2147 rebus
715 2110 837 2161 magis
857 2111 970 2161 quam
991 2111 1090 2162 quod
1111 2115 1283 2164 cuiquam
1302 2116 1341 2152 id

117 2166 344 2209 compertum
374 2161 482 2207 foret,
516 2162 598 2199 haec
631 2163 730 2200 fama
766 2164 927 2202 valebat.
980 2165 1223 2216 Jamprimum
1253 2169 1341 2206 ado-

115 2212 260 2251 lescens
280 2213 439 2251 Catilina
453 2215 569 2252 multa
590 2216 752 2254 nefanda
777 2224 905 2266 stupra
922 2219 1073 2266 fecerat,
1096 2234 1180 2257 cum
1197 2222 1340 2271 virgine

119 2266 246 2312 nobili,
269 2280 351 2303 cum
377 2269 568 2306 sacerdote
594 2268 739 2317 Vestae,
758 2277 796 2308 et
824 2271 896 2307 alia
924 2272 1180 2322 hujuscemodi
1211 2280 1340 2312 contra

112 2319 175 2369 jus
203 2319 357 2371 fasque3
384 2320 587 2371 postremo,
617 2329 747 2372 captus
779 2338 902 2363 amore
940 2325 1102 2364 Aureliae
1136 2327 1339 2373 Orestillae,
