1492 2531
367 75 586 114 HISTORI
593 75 744 113 ARUM
774 73 1125 112 FRAGMENTA.
1292 74 1363 110 1⁶25)

132 176 289 213 humana
308 175 396 219 ulla,
424 190 544 226 neque
576 177 697 213 divina
728 178 888 217 obstant,
921 176 1011 225 quin
1039 175 1174 218 socios,
1204 175 1357 218 amicos,

131 230 261 278 procul
291 229 470 280 justaque
504 231 608 272 sitos,
639 230 769 279 inopes
804 229 1039 279 potentisque
1070 229 1227 273 trahant,
1259 230 1357 265 exci‘

131 283 291 332 dantque
308 297 317 328 ;
348 283 544 332 omniaque
563 297 636 319 non
656 296 775 327 serva,
804 289 839 319 et
857 281 1030 319 maxume
1051 296 1176 332 regna,
1206 282 1355 318 hostilia

131 336 296 373 ducant?
357 336 528 385 Namque
557 336 666 385 pauci
694 336 915 380 libertatem,
952 350 1037 385 pars
1066 348 1202 385 magna
1229 336 1354 384 justos

129 388 310 431 dominos,
328 389 479 426 volunt:
509 402 576 426 nos
596 392 758 438 suspecti
777 403 905 426 sumus
924 388 1061 434 aemuli,
1079 394 1115 425 et
1134 390 1170 425 in
1188 396 1354 437 tempore

127 441 290 479 vindices
309 442 469 479 affuturi.
536 442 597 480 Tu
615 441 714 485 vero,
743 443 803 480 cui
822 443 991 480 Seleucia
1014 455 1189 478 maxuma
1207 442 1355 478 urbium

129 507 357 545 regnumque
404 495 568 533 Persidis
603 496 737 533 inclitis
774 496 910 533 divitiis
948 501 1016 539 est,
1062 495 1153 545 quid
1188 496 1234 531 ab
1269 494 1355 535 illis,

128 548 200 584 nisi
235 548 359 585 dolum
394 549 432 584 in
469 562 646 597 praesens,
694 555 731 586 et
765 555 896 599 postea
940 548 1081 585 bellum
1128 554 1323 597 exspectas
1338 550 1355 585 'f

127 600 287 638 Romani
313 601 350 638 in
379 602 498 639 omnis
527 616 629 639 arma
655 602 806 646 habent,
833 615 1023 640 acerruma
1049 602 1085 637 in
1106 615 1183 646 eos,
1214 602 1352 651 quibus

125 653 234 691 victis
264 655 384 704 spolia
414 669 585 692 maxuma
615 663 722 699 sunt3
751 656 922 693 audendo
942 662 979 692 et
996 655 1170 698 fallendo,
1202 662 1238 692 et
1257 655 1355 691 bella

128 720 173 743 ex
192 707 300 744 bellis
329 710 500 753 serendo,
527 710 651 759 magni
678 710 778 747 facti,
835 709 908 746 Per
936 709 1034 745 hunc
1061 722 1200 745 morem
1220 709 1356 746 exstin-

127 767 242 808 guent
274 762 408 804 omnia,
437 768 501 798 aut
530 764 721 800 occident:
760 763 862 812 quod
890 762 1035 799 difficile
1066 775 1140 797 non
1162 768 1232 806 est,
1263 764 1354 799 situ

128 812 417 863 Mesopotamia,
450 829 518 852 nos
564 816 741 852 Armenia
785 815 1109 865 circumgredimur
1151 815 1354 852 exercitum

127 867 205 904 sine
235 868 428 912 frumento,
449 869 527 905 sine
546 869 713 906 auxiliis:
747 870 914 916 (fortuna
936 875 1059 905 autem
1086 869 1220 904 nostris
1255 869 1351 904 vitiis

127 920 246 957 adhuc
265 921 503 969 incolumisz)
534 928 645 972 teque
676 922 739 959 illa
763 923 862 959 fama
891 928 1080 971 sequetur,
1098 922 1237 958 auxilio
1266 936 1354 970 pro-

126 974 263 1010 fectum
298 975 442 1024 magnis
485 977 653 1025 regibuS,
698 976 857 1013 latrones
900 976 1064 1025 gentium
1109 976 1352 1024 oppressisse.

128 1026 241 1070 Quod
270 1027 325 1064 uti
361 1029 475 1065 facias
508 1043 653 1074 moneo,
685 1029 881 1078 hotorque,
924 1043 998 1066 neu
1042 1027 1147 1063 malis
1193 1029 1354 1077 pernicie

126 1081 251 1118 nostra
279 1094 392 1118 unum
420 1081 616 1131 imperium
644 1083 841 1131 prolatare,
881 1081 994 1131 quam
1028 1082 1205 1118 societate
1235 1082 1353 1119 victor

127 1133 218 1169 tieri.

180 1186 292 1224 Curio
312 1188 618 1226 Vulcanaliorum
647 1189 706 1226 die
737 1190 873 1226 ibidem
899 1196 1076 1230 moratus.
1133 1189 1280 1226 Nonius
1312 1191 1353 1225 cle

125 1239 274 1277 mutate}
292 1240 543 1279 declinatione.
603 1242 725 1278 Caris.
745 1243 766 1279 l.
785 1243 807 1278 i.

179 1294 306 1331 Scalas
325 1309 431 1344 pares
448 1296 625 1332 moenium
643 1295 847 1333 altitudine.
902 1294 1128 1334 Arusianus.

177 1347 352 1384 Diffidere
371 1348 466 1385 inter
484 1362 522 1385 se
543 1349 702 1400 coepere,
731 1363 852 1399 neque
877 1350 914 1386 in
943 1351 1105 1387 medium
1134 1349 1358 1387 consultare.

123 1399 239 1437 Idem.

177 1453 386 1504 Multisque
407 1455 681 1503 suspicionibus
701 1456 862 1493 volentia
890 1456 991 1505 plebi
1020 1458 1184 1495 facturus
1205 1456 1355 1493 videba-

125 1512 194 1543 tur.
247 1507 421 1544 Nonius:
455 1508 640 1553 Volentia,
669 1523 748 1559 quae
765 1509 871 1559 plebs
890 1509 1010 1547 vellet.

177 1560 458 1610 Suspectusque
486 1562 566 1608 fuit,
594 1563 776 1600 incertum
804 1562 894 1600 vero
922 1577 968 1599 an
996 1578 1060 1613 per
1079 1564 1355 1613 negligentiam,

125 1613 340 1651 societatem
359 1615 567 1664 praedarum
587 1629 671 1652 cum
688 1616 895 1654 latronibus
911 1619 1177 1667 composuisse.
1223 1617 1353 1654 Idem:

128 1665 366 1716 C'omponere,
387 1668 620 1719 conjungere.

151 1772 158 1778 ·
178 1720 371 1770 Collegam
390 1722 581 1768 minorem,
611 1728 647 1758 et
677 1723 733 1759 sui
765 1723 941 1760 cultorem
962 1730 1194 1774 exspectans,
1249 1724 1353 1760 Aru-

122 1786 267 1811 smnus.

177 1826 301 1870 Quam
336 1828 517 1865 maxumis
553 1829 748 1866 itineribus
798 1844 865 1879 pro
901 1845 1058 1879 regnum
1089 1831 1353 1868 Ariobarzanis

124 1881 326 1927 contendit,
358 1882 403 1917 ad
434 1882 572 1919 flumen
607 1882 858 1931 Euphratem3
887 1885 963 1933 qua
998 1885 1033 1921 in
1066 1890 1169 1934 parte
1204 1884 1354 1933 Cappa-

125 1933 232 1970 docia
250 1934 296 1970 ab
315 1934 493 1971 Armenia
512 1935 745 1986 disjungitur.
799 1937 847 1973 Et
866 1937 1091 1986 quamquz‘tm
1117 1938 1165 1973 ad
1182 1938 1219 1973 id
1238 1951 1352 1974 naves

124 1986 318 2023 codicariae
336 1987 483 2024 occulto
502 2003 569 2038 per
586 1989 757 2038 hyemem
778 1989 958 2027 fabricate
972 1991 1136 2027 aderant.
1178 1991 1328 2027 Nonius
1341 2008 1351 2026 :

127 2039 338 2077 codicariae
357 2055 486 2086 naves,
505 2055 579 2092 quae
600 2042 805 2091 influmine
826 2043 906 2079 usui
925 2058 1000 2080 esse
1014 2049 1181 2094 possunt.

157 2098 161 2102 '
178 2092 253 2135 Qui
272 2095 672 2144 praetergrediebantur
690 2100 832 2145 equites
852 2093 1093 2148 cataphracti,
1119 2098 1238 2134 ferrea
1258 2099 1355 2134 omni

125 2145 262 2194 specie.
316 2147 432 2184 Idem.

179 2198 274 2234 Cum
307 2201 467 2246 interim,
504 2201 640 2238 lumine
671 2203 781 2239 etiam
809 2209 883 2239 tam
911 2204 1065 2249 incerto,
1105 2205 1188 2241 duae
1220 2204 1355 2240 Gallia:

124 2251 314 2296 mulieres,
344 2260 566 2292 conventum
585 2255 760 2302 vitantes,
789 2257 837 2292 ad
855 2264 1043 2294 menstrua
1063 2258 1237 2295 solvenda
1257 2271 1358 2294 mon-

125 2310 198 2341 tem
219 2304 462 2345 adscendunt.
515 2307 630 2345 Idem.
755 2362 781 2398 2

711 2374 736 2398 c
