1492 2531
168 154 218 191 22
651 154 926 194 SALLUSTII

168 256 270 308 quod
298 258 332 294 ei
360 262 467 294 notus
497 262 587 302 erat,
620 257 804 307 postremo
834 259 981 296 timidus
1015 273 1058 298 ac
1094 262 1180 299 vitae
1216 262 1397 310 diffidens,

166 311 268 348 velut
295 311 478 355 hostibus,
518 324 598 347 sese
646 312 869 360 praetoribus
915 313 1026 350 dedit.
1097 315 1242 359 Quibus
1287 319 1397 354 rebus

167 364 357 407 confectis,
384 364 506 400 omnia
529 363 686 413 propere
712 378 779 413 per
804 365 957 402 nuncios
987 368 1128 405 consuli
1158 369 1397 408 declarantur.

167 417 221 455 At
255 418 358 454 illum
387 417 519 467 ingens
553 431 639 454 cura
684 423 795 467 atque
832 417 962 456 laetitia
1006 420 1113 457 simul
1159 422 1397 472 occupavere.

167 471 427 522 Conjuratione
457 469 655 519 patefacta,
684 471 869 508 civitatem
899 472 1071 521 periculis
1103 482 1264 526 ereptam
1292 490 1394 513 esset

165 524 274 573 porro
304 529 426 560 autem
454 524 586 560 anxius
619 530 710 570 erat,
736 525 773 560 in
805 538 978 562 maxumo
1003 526 1141 565 scelere
1173 529 1282 566 tantis
1310 530 1398 567 civi-

165 579 235 614 bus
264 577 516 627 deprehensis,
549 577 638 626 quid
665 577 762 615 facto
791 590 884 628 opus
915 584 1034 625 esset;
1073 593 1218 628 poenam
1249 582 1396 619 illorum

164 631 236 668 sibi
274 630 387 676 oneri,
417 631 674 680 impunitatem
717 631 920 680 perdundae
953 633 1168 682 reipublicae
1205 635 1281 672 fore
1320 649 1397 673 cre-

165 685 288 721 debat.
342 683 460 733 Igitur
493 684 705 721 confirmato
743 684 879 729 animo,
919 686 1040 722 vocari
1085 687 1134 723 ad
1175 702 1257 725 sese
1288 690 1398 738 jubet

163 737 377 780 Lentulum,
434 737 652 787 Cethegum,
710 737 907 784 Statilium,
967 738 1180 785 Gabinium,
1235 741 1420 791 itemque,

165 791 364 840 Ceparium
393 790 711 834 Terracinensem,
740 790 804 841 qui
834 791 871 827 in
899 791 1075 840 Apuliam
1102 794 1146 830 ad
1178 795 1399 832 concitanda

163 843 314 881 servitia
347 843 532 893 proficisci
563 845 731 892 parabat.
788 844 924 881 Caeteri
966 845 1043 883 sine
1085 845 1189 883 mora
1232 847 1395 886 veniunt.

164 898 355 947 Ceparius,
382 895 494 946 paulo
520 895 604 934 ante
636 898 745 934 domo
776 910 961 947 egressus,
992 899 1138 948 cognito
1168 899 1316 944 indicio.
1349 915 1396 939 ex

162 953 254 988 urbe
290 949 514 1000 profugerat.
580 949 721 987 Consul
749 950 963 997 Lentulum,
998 950 1100 1002 quod
1133 958 1270 1002 praetor
1305 961 1397 999 erat,

161 1005 241 1054 ipse
278 1018 390 1041 manu
424 1009 568 1049 tenens,
601 1003 641 1040 in
676 1010 846 1041 senatum
881 1005 1072 1054 perducit3
1116 1005 1275 1055 reliquos
1311 1021 1396 1045 cum

162 1058 379 1095 custodibus
397 1057 435 1094 in
454 1057 571 1093 aedem
598 1057 815 1094 Concordiae
835 1058 958 1095 venire
980 1059 1100 1109 jubet.
1154 1058 1212 1096 Εό
1227 1066 1397 1098 senatum

162 1112 332 1155 advocat,
376 1110 587 1160 magnaque
616 1110 825 1160 frequentia
859 1112 939 1161 ejus
983 1112 1121 1149 ordinis
1166 1113 1395 1153 Vulturtium

162 1179 248 1202 cum
290 1164 423 1214 legatis
467 1162 689 1209 introducit3
742 1163 919 1201 Flaccum
972 1171 1167 1214 praetorem
1221 1167 1395 1204 scrinium

162 1232 247 1255 cum
291 1218 434 1262 litteris,
469 1230 563 1267 quas
598 1215 621 1253 a
655 1216 786 1267 legatis
826 1224 1034 1268 acceperat,
1078 1217 1209 1256 eodem
1250 1220 1394 1258 adferre

155 1273 277 1323 jubet.
343 1271 553 1308 Vulturtius
593 1270 838 1321 interrogatus
881 1271 927 1308 de
973 1272 1114 1316 itinere,
1160 1273 1204 1309 de
1248 1272 1394 1320 litteris,

161 1322 351 1375 postremo
388 1324 492 1374 quid,
535 1328 599 1360 aut
630 1322 706 1373 qua
741 1324 784 1360 de
817 1323 945 1369 causa,
991 1325 1135 1362 consilii
1178 1325 1392 1364 habuisset:

160 1377 280 1428 primo
313 1378 451 1428 fingere
483 1376 553 1413 alia
590 1377 726 1423 omnia,
762 1377 992 1415 dissimulare
1029 1379 1076 1415 de
1118 1380 1391 1430 conjuratione:

160 1432 262 1481 post,
287 1432 353 1468 ubi
380 1431 451 1467 fide
479 1429 629 1479 publicat
654 1430 774 1467 dicere
794 1432 923 1481 jussus
952 1437 1021 1477 est,
1040 1431 1173 1476 omnia,
1202 1430 1256 1469 uti
1289 1439 1394 1482 gesta

161 1495 278 1532 erant,
295 1484 437 1535 aperit:
469 1497 507 1520 se
531 1483 658 1533 paucis
685 1483 771 1520 ante
796 1484 928 1521 diebus
953 1483 976 1521 εὶ
1004 1484 1164 1522 Gabinio
1182 1490 1219 1522 et
1237 1487 1393 1536 Cepario

160 1539 302 1577 socium
333 1538 510 1576 ascitum:
540 1536 629 1573 nihil
655 1536 811 1586 amplius
844 1537 950 1583 scire,
981 1537 1095 1587 quam
1125 1537 1288 1588 legatos:
1318 1545 1395 1577 tan-

161 1591 352 1630 tummodo
377 1591 503 1628 audire
531 1590 679 1627 solitum
707 1604 753 1627 ex
778 1590 952 1636 Gabinio,
977 1591 1023 1628 P.
1050 1590 1284 1638 Autronium,
1312 1592 1394 1632 Ser.

160 1646 318 1692 Sullam,
348 1644 393 1682 L.
426 1644 710 1693 Vargunteium,
737 1644 873 1681 multos
898 1644 1094 1693 praeterea,
1124 1645 1162 1681 in
1193 1645 1239 1682 ea
1270 1648 1395 1697 conju-

160 1699 302 1737 ratione
324 1711 417 1736 esse.
471 1696 615 1734 Eadem
647 1696 746 1734 Galli
774 1697 956 1735 fatentur:
986 1710 1028 1735 ao
1059 1697 1258 1735 Lentulum
1285 1700 1394 1737 dissi-

160 1753 361 1791 mulantem
396 1756 615 1800 coarguunt,
651 1755 787 1800 praeter
820 1751 973 1794 litteras,
1011 1751 1260 1796 sermonibus,
1296 1766 1390 1802 quos

160 1806 224 1844 ille
266 1806 402 1843 habere
448 1804 579 1842 solitus
623 1809 714 1848 erat,
749 1818 796 1841 ex
827 1803 930 1841 libris
971 1804 1181 1854 Sybillinis:
1236 1819 1391 1855 regnum

161 1860 294 1898 Romae
332 1859 450 1896 tribus
481 1856 663 1895 Corneliis
690 1857 880 1907 portendi:
913 1858 1077 1894 Cinnam.
1104 1864 1215 1908 atque
1247 1859 1390 1897 Sullam

162 1919 261 1957 ante,
307 1926 345 1949 se
391 1911 539 1948 tertium
580 1924 677 1954 esse,
723 1910 783 1947 cui
826 1909 941 1947 fatum
986 1911 1063 1947 sore
1109 1912 1210 1948 urbis
1257 1913 1389 1962 potiri:

161 1965 359 2017 praeterea,
387 1966 434 2002 ab
460 1965 612 2001 incenso
642 1963 825 2012 Capitolio
849 1963 955 2000 illum
977 1977 1060 2001 esse
1090 1964 1305 2014 vigesimum
1324 1980 1391 2002 an-

159 2034 264 2064 num,
299 2033 410 2070 quem
440 2016 542 2067 saepe
578 2031 624 2054 ex
658 2016 834 2066 prodigiis
863 2017 1076 2067 haruspices
1113 2019 1390 2066 respondissent

160 2073 259 2111 bello
285 2072 384 2111 civili
411 2076 602 2109 cruentum
630 2070 719 2107 fore.
771 2069 901 2119 Igitur,
927 2070 1101 2120 perlectis
1131 2070 1277 2118 litteris,
1305 2072 1388 2109 cum

159 2126 263 2176 prius
296 2139 423 2163 omnes
458 2125 565 2174 signa
599 2137 666 2161 sua
700 2123 976 2172 cognovissent,
1017 2129 1167 2161 senatus
1213 2125 1388 2172 decernit,

159 2179 229 2226 uti,
264 2180 436 2216 abdicato
471 2178 702 2226 magistratu,
730 2175 928 2223 Lentulus,
964 2177 1125 2226 itemque
1163 2178 1301 2225 caeteri,
1349 2179 1388 2215 in

158 2233 284 2271 liberis
312 2231 487 2269 custodiis
516 2230 731 2267 habeantur.
784 2229 915 2280 Itaque
945 2229 1126 2267 Lentulus
1159 2230 1203 2268 P.
1230 2231 1387 2269 Lentulo

160 2286 362 2337 Spintheri,
394 2285 456 2335 qui
487 2293 564 2320 tum
601 2283 719 2319 aedilis
753 2289 844 2328 erat,
877 2282 1065 2333 Cethegus
1098 2283 1144 2327 Q.
1177 2283 1387 2332 Cornificio,

160 2339 327 2378 Statilius
361 2337 402 2375 C.
433 2336 586 2379 Caesari,
616 2336 797 2374 Gabinius
824 2336 880 2374 M.
912 2337 1059 2383 Crasso,
1084 2336 1261 2386 Ceparius
1288 2336 1386 2387 (nam

160 2394 198 2431 in
224 2393 338 2444 paulo
366 2391 453 2429 ante
478 2404 522 2428 ex
547 2388 636 2440 fuga
655 2395 834 2428 retractus
862 2391 956 2439 erat)
983 2389 1050 2427 Cn.
1079 2389 1252 2429 Terentio
1281 2404 1387 2429 sena-
