<?xml version="1.0" encoding="UTF-8"?>
<!DOCTYPE html PUBLIC "-//W3C//DTD XHTML 1.0 Transitional//EN"
    "http://www.w3.org/TR/xhtml1/DTD/xhtml1-transitional.dtd">
<html xmlns="http://www.w3.org/1999/xhtml" xml:lang="en" lang="en">
 <head>
  <title>
</title>
<meta http-equiv="Content-Type" content="text/html;charset=utf-8" />
  <meta name='ocr-system' content='tesseract 3.04.00' />
  <meta name='ocr-capabilities' content='ocr_page ocr_carea ocr_par ocr_line ocrx_word'/>
</head>
<body>
  <div class='ocr_page' id='page_1' title='image "./quaeextant00salluoft_0141.png"; bbox 0 0 1492 2531; ppageno 0'>
   <div class='ocr_carea' id='block_1_1' title="bbox 337 47 1320 89">
    <p class='ocr_par' dir='ltr' id='par_1_1' title="bbox 337 47 1320 89">
     <span class='ocr_line' id='line_1_1' title="bbox 337 47 1320 89; baseline 0.001 -1"><span class='ocrx_word' id='word_1_1' title='bbox 337 48 706 88; x_wconf 86' lang='lat' dir='ltr'><strong>HISTORIARUM</strong></span> <span class='ocrx_word' id='word_1_2' title='bbox 734 47 1087 87; x_wconf 82' lang='lat' dir='ltr'><strong>FRAGMENTA.</strong></span> <span class='ocrx_word' id='word_1_3' title='bbox 1246 53 1261 88; x_wconf 94' lang='grc'>1</span> <span class='ocrx_word' id='word_1_4' title='bbox 1274 51 1320 89; x_wconf 86' lang='lat'>19</span> 
     </span>
    </p>
   </div>
   <div class='ocr_carea' id='block_1_2' title="bbox 96 151 1327 670">
    <p class='ocr_par' dir='ltr' id='par_1_2' title="bbox 96 151 1317 246">
     <span class='ocr_line' id='line_1_2' title="bbox 151 151 1317 203; baseline -0.002 -12"><span class='ocrx_word' id='word_1_5' title='bbox 151 154 212 191; x_wconf 83' lang='lat' dir='ltr'>Ad</span> <span class='ocrx_word' id='word_1_6' title='bbox 230 153 301 190; x_wconf 82' lang='lat' dir='ltr'>hoc</span> <span class='ocrx_word' id='word_1_7' title='bbox 315 165 432 203; x_wconf 78' lang='lat' dir='ltr'>pauca</span> <span class='ocrx_word' id='word_1_8' title='bbox 449 151 612 200; x_wconf 84' lang='lat' dir='ltr'>piraticae</span> <span class='ocrx_word' id='word_1_9' title='bbox 631 151 799 201; x_wconf 74' lang='lat' dir='ltr'>adjungit</span> <span class='ocrx_word' id='word_1_10' title='bbox 822 152 985 188; x_wconf 85' lang='lat' dir='ltr'>actuaria</span> <span class='ocrx_word' id='word_1_11' title='bbox 1005 152 1162 202; x_wconf 84' lang='lat' dir='ltr'>navigia.</span> <span class='ocrx_word' id='word_1_12' title='bbox 1218 152 1317 190; x_wconf 83' lang='lat' dir='ltr'>Non.</span> 
     </span>
     <span class='ocr_line' id='line_1_3' title="bbox 96 204 550 246; baseline -0.013 0"><span class='ocrx_word' id='word_1_13' title='bbox 96 209 136 246; x_wconf 81' lang='lat' dir='ltr'>in</span> <span class='ocrx_word' id='word_1_14' title='bbox 156 206 338 245; x_wconf 77' lang='lat' dir='ltr'>Piratz&#39;cae</span> <span class='ocrx_word' id='word_1_15' title='bbox 357 204 550 242; x_wconf 67' lang='lat' dir='ltr'>naviculae.</span> 
     </span>
    </p>

    <p class='ocr_par' dir='ltr' id='par_1_3' title="bbox 150 257 1296 307">
     <span class='ocr_line' id='line_1_4' title="bbox 150 257 1296 307; baseline -0.001 -9"><span class='ocrx_word' id='word_1_16' title='bbox 150 261 282 298; x_wconf 86' lang='lat' dir='ltr'>Omnia</span> <span class='ocrx_word' id='word_1_17' title='bbox 302 264 446 296; x_wconf 83' lang='lat' dir='ltr'>sacrata</span> <span class='ocrx_word' id='word_1_18' title='bbox 465 272 620 307; x_wconf 84' lang='lat' dir='ltr'>corpora</span> <span class='ocrx_word' id='word_1_19' title='bbox 633 258 670 294; x_wconf 89' lang='lat' dir='ltr'>in</span> <span class='ocrx_word' id='word_1_20' title='bbox 689 263 803 294; x_wconf 82' lang='lat' dir='ltr'>ratem</span> <span class='ocrx_word' id='word_1_21' title='bbox 821 258 1056 307; x_wconf 84' lang='lat' dir='ltr'>imposuisse.</span> <span class='ocrx_word' id='word_1_22' title='bbox 1112 257 1296 297; x_wconf 77' lang='lat' dir='ltr'>Arusz&#39;mz.</span> 
     </span>
    </p>

    <p class='ocr_par' dir='ltr' id='par_1_4' title="bbox 149 311 1225 361">
     <span class='ocr_line' id='line_1_5' title="bbox 149 311 1225 361; baseline -0.002 -11"><span class='ocrx_word' id='word_1_23' title='bbox 149 314 245 351; x_wconf 88' lang='lat' dir='ltr'>Suos</span> <span class='ocrx_word' id='word_1_24' title='bbox 266 312 412 361; x_wconf 80' lang='lat' dir='ltr'>equites</span> <span class='ocrx_word' id='word_1_25' title='bbox 430 312 611 357; x_wconf 79' lang='lat' dir='ltr'>hortatus,</span> <span class='ocrx_word' id='word_1_26' title='bbox 630 312 725 348; x_wconf 84' lang='lat' dir='ltr'>vado</span> <span class='ocrx_word' id='word_1_27' title='bbox 745 312 968 349; x_wconf 75' lang='lat' dir='ltr'>transmittit.</span> <span class='ocrx_word' id='word_1_28' title='bbox 1023 311 1138 348; x_wconf 74' lang='lat' dir='ltr'>[dem.</span> <span class='ocrx_word' id='word_1_29' title='bbox 1219 355 1225 358; x_wconf 29' lang='lat'>‘</span> 
     </span>
    </p>

    <p class='ocr_par' dir='ltr' id='par_1_5' title="bbox 97 365 1327 468">
     <span class='ocr_line' id='line_1_6' title="bbox 149 365 1327 414; baseline -0.001 -10"><span class='ocrx_word' id='word_1_30' title='bbox 149 368 233 404; x_wconf 82' lang='lat' dir='ltr'>lctu</span> <span class='ocrx_word' id='word_1_31' title='bbox 252 379 392 408; x_wconf 79' lang='lat' dir='ltr'>eorum,</span> <span class='ocrx_word' id='word_1_32' title='bbox 422 365 485 414; x_wconf 85' lang='lat' dir='ltr'>qui</span> <span class='ocrx_word' id='word_1_33' title='bbox 515 365 552 401; x_wconf 91' lang='lat' dir='ltr'>in</span> <span class='ocrx_word' id='word_1_34' title='bbox 580 365 729 402; x_wconf 88' lang='lat' dir='ltr'>flumine</span> <span class='ocrx_word' id='word_1_35' title='bbox 754 366 924 410; x_wconf 81' lang='lat' dir='ltr'>ruebant,</span> <span class='ocrx_word' id='word_1_36' title='bbox 955 366 1193 403; x_wconf 83' lang='lat' dir='ltr'>necabantur.</span> <span class='ocrx_word' id='word_1_37' title='bbox 1249 367 1327 403; x_wconf 84' lang='lat' dir='ltr'>Do—</span> 
     </span>
     <span class='ocr_line' id='line_1_7' title="bbox 97 418 679 468; baseline -0.005 -11"><span class='ocrx_word' id='word_1_38' title='bbox 97 425 221 464; x_wconf 76' lang='lat' dir='ltr'>natus,</span> <span class='ocrx_word' id='word_1_39' title='bbox 242 418 400 468; x_wconf 72' lang='lat' dir='ltr'>Adelph.</span> <span class='ocrx_word' id='word_1_40' title='bbox 420 423 489 454; x_wconf 70' lang='lat' dir='ltr'>act.</span> <span class='ocrx_word' id='word_1_41' title='bbox 506 418 555 455; x_wconf 88' lang='lat' dir='ltr'>iii.</span> <span class='ocrx_word' id='word_1_42' title='bbox 577 432 624 455; x_wconf 85' lang='lat' dir='ltr'>sc.</span> <span class='ocrx_word' id='word_1_43' title='bbox 643 418 679 454; x_wconf 83' lang='lat'>2.</span> 
     </span>
    </p>

    <p class='ocr_par' dir='ltr' id='par_1_6' title="bbox 99 471 1324 575">
     <span class='ocr_line' id='line_1_8' title="bbox 152 471 1324 524; baseline 0.001 -15"><span class='ocrx_word' id='word_1_44' title='bbox 152 472 403 509; x_wconf 85' lang='lat' dir='ltr'>Circumventi</span> <span class='ocrx_word' id='word_1_45' title='bbox 433 472 576 518; x_wconf 62' lang='lat' dir='ltr'>dextra,</span> <span class='ocrx_word' id='word_1_46' title='bbox 605 472 703 508; x_wconf 90' lang='lat' dir='ltr'>unde</span> <span class='ocrx_word' id='word_1_47' title='bbox 722 471 860 508; x_wconf 85' lang='lat' dir='ltr'>ferrum</span> <span class='ocrx_word' id='word_1_48' title='bbox 885 477 975 515; x_wconf 84' lang='lat' dir='ltr'>erat,</span> <span class='ocrx_word' id='word_1_49' title='bbox 1006 485 1096 509; x_wconf 79' lang='lat' dir='ltr'>saxa</span> <span class='ocrx_word' id='word_1_50' title='bbox 1129 479 1194 510; x_wconf 84' lang='lat' dir='ltr'>aut</span> <span class='ocrx_word' id='word_1_51' title='bbox 1220 474 1324 524; x_wconf 82' lang='lat' dir='ltr'>quid,</span> 
     </span>
     <span class='ocr_line' id='line_1_9' title="bbox 99 523 1080 575; baseline -0.004 -12"><span class='ocrx_word' id='word_1_52' title='bbox 99 526 171 563; x_wconf 76' lang='lat' dir='ltr'>tale</span> <span class='ocrx_word' id='word_1_53' title='bbox 192 526 303 575; x_wconf 82' lang='lat' dir='ltr'>capiti</span> <span class='ocrx_word' id='word_1_54' title='bbox 323 526 550 575; x_wconf 81' lang='lat' dir='ltr'>affligebant.</span> <span class='ocrx_word' id='word_1_55' title='bbox 608 523 837 561; x_wconf 76' lang='lat' dir='ltr'>Arusianus.</span> <span class='ocrx_word' id='word_1_56' title='bbox 1078 568 1080 571; x_wconf 20' lang='lat' dir='ltr'>v</span> 
     </span>
    </p>

    <p class='ocr_par' dir='ltr' id='par_1_7' title="bbox 102 577 1327 670">
     <span class='ocr_line' id='line_1_10' title="bbox 151 577 1327 627; baseline 0.001 -11"><span class='ocrx_word' id='word_1_57' title='bbox 151 580 227 616; x_wconf 79' lang='lat' dir='ltr'>Sed</span> <span class='ocrx_word' id='word_1_58' title='bbox 246 578 421 616; x_wconf 77' lang='lat' dir='ltr'>Metellus</span> <span class='ocrx_word' id='word_1_59' title='bbox 440 579 476 614; x_wconf 86' lang='lat' dir='ltr'>in</span> <span class='ocrx_word' id='word_1_60' title='bbox 496 578 669 615; x_wconf 86' lang='lat' dir='ltr'>ulteriore</span> <span class='ocrx_word' id='word_1_61' title='bbox 688 577 890 627; x_wconf 60' lang='lat' dir='ltr'>provincia.</span> <span class='ocrx_word' id='word_1_62' title='bbox 936 577 1071 616; x_wconf 74' lang='lat' dir='ltr'>Donat.</span> <span class='ocrx_word' id='word_1_63' title='bbox 1091 579 1142 615; x_wconf 78' lang='lat' dir='ltr'>acl</span> <span class='ocrx_word' id='word_1_64' title='bbox 1169 578 1327 617; x_wconf 77' lang='lat' dir='ltr'>Plzorm.</span> 
     </span>
     <span class='ocr_line' id='line_1_11' title="bbox 102 633 341 670; baseline -0.004 -1"><span class='ocrx_word' id='word_1_65' title='bbox 102 638 174 670; x_wconf 76' lang='lat' dir='ltr'>act.</span> <span class='ocrx_word' id='word_1_66' title='bbox 195 633 218 670; x_wconf 91' lang='lat' dir='ltr'>i.</span> <span class='ocrx_word' id='word_1_67' title='bbox 239 646 288 669; x_wconf 78' lang='lat' dir='ltr'>sc,</span> <span class='ocrx_word' id='word_1_68' title='bbox 305 633 341 668; x_wconf 86' lang='grc'>4.</span> 
     </span>
    </p>
   </div>
   <div class='ocr_carea' id='block_1_3' title="bbox 102 683 1328 789">
    <p class='ocr_par' dir='ltr' id='par_1_8' title="bbox 102 683 1328 789">
     <span class='ocr_line' id='line_1_12' title="bbox 153 683 1328 737; baseline 0.002 -15"><span class='ocrx_word' id='word_1_69' title='bbox 153 686 316 723; x_wconf 72' lang='lat' dir='ltr'>Imm-&lt;me</span> <span class='ocrx_word' id='word_1_70' title='bbox 337 683 515 733; x_wconf 72' lang='lat' dir='ltr'>quantum</span> <span class='ocrx_word' id='word_1_71' title='bbox 545 685 655 721; x_wconf 85' lang='lat' dir='ltr'>animi</span> <span class='ocrx_word' id='word_1_72' title='bbox 685 683 868 722; x_wconf 70' lang='lat' dir='ltr'>exarsere.</span> <span class='ocrx_word' id='word_1_73' title='bbox 925 686 1024 723; x_wconf 77' lang='lat' dir='ltr'>Non.</span> <span class='ocrx_word' id='word_1_74' title='bbox 1057 685 1200 724; x_wconf 80' lang='lat' dir='ltr'>Nomen</span> <span class='ocrx_word' id='word_1_75' title='bbox 1224 687 1328 737; x_wconf 80' lang='lat' dir='ltr'>posi-</span> 
     </span>
     <span class='ocr_line' id='line_1_13' title="bbox 102 737 470 789; baseline -0.005 -14"><span class='ocrx_word' id='word_1_76' title='bbox 102 744 179 776; x_wconf 77' lang='lat' dir='ltr'>tum</span> <span class='ocrx_word' id='word_1_77' title='bbox 194 752 265 789; x_wconf 80' lang='lat' dir='ltr'>pro</span> <span class='ocrx_word' id='word_1_78' title='bbox 285 737 470 775; x_wconf 60' lang='lat' dir='ltr'>adverbio.</span> 
     </span>
    </p>
   </div>
   <div class='ocr_carea' id='block_1_4' title="bbox 102 790 1331 990">
    <p class='ocr_par' dir='ltr' id='par_1_9' title="bbox 102 790 1331 895">
     <span class='ocr_line' id='line_1_14' title="bbox 154 790 1331 843; baseline 0.001 -14"><span class='ocrx_word' id='word_1_79' title='bbox 154 793 207 829; x_wconf 87' lang='lat' dir='ltr'>At</span> <span class='ocrx_word' id='word_1_80' title='bbox 225 792 289 835; x_wconf 81' lang='lat' dir='ltr'>illi,</span> <span class='ocrx_word' id='word_1_81' title='bbox 309 792 445 841; x_wconf 88' lang='lat' dir='ltr'>quibus</span> <span class='ocrx_word' id='word_1_82' title='bbox 474 805 533 827; x_wconf 89' lang='lat' dir='ltr'>res</span> <span class='ocrx_word' id='word_1_83' title='bbox 565 790 753 840; x_wconf 79' lang='lat' dir='ltr'>incognita</span> <span class='ocrx_word' id='word_1_84' title='bbox 785 797 874 836; x_wconf 82' lang='lat' dir='ltr'>erat,</span> <span class='ocrx_word' id='word_1_85' title='bbox 903 792 1003 830; x_wconf 68' lang='lat' dir='ltr'>ivere</span> <span class='ocrx_word' id='word_1_86' title='bbox 1033 793 1156 830; x_wconf 84' lang='lat' dir='ltr'>cuncti</span> <span class='ocrx_word' id='word_1_87' title='bbox 1175 794 1222 830; x_wconf 90' lang='lat' dir='ltr'>ad</span> <span class='ocrx_word' id='word_1_88' title='bbox 1250 807 1331 843; x_wconf 90' lang='lat' dir='ltr'>por-</span> 
     </span>
     <span class='ocr_line' id='line_1_15' title="bbox 102 844 949 895; baseline 0 -13"><span class='ocrx_word' id='word_1_89' title='bbox 102 851 171 884; x_wconf 82' lang='lat' dir='ltr'>tas.</span> <span class='ocrx_word' id='word_1_90' title='bbox 190 846 376 895; x_wconf 83' lang='lat' dir='ltr'>incognita</span> <span class='ocrx_word' id='word_1_91' title='bbox 393 845 556 881; x_wconf 81' lang='lat' dir='ltr'>tendere.</span> <span class='ocrx_word' id='word_1_92' title='bbox 611 844 717 881; x_wconf 76' lang='lat' dir='ltr'>Serv.</span> <span class='ocrx_word' id='word_1_93' title='bbox 738 844 784 880; x_wconf 90' lang='lat' dir='ltr'>F.</span> <span class='ocrx_word' id='word_1_94' title='bbox 808 844 949 883; x_wconf 61' lang='lat' dir='ltr'>Ursini.</span> 
     </span>
    </p>

    <p class='ocr_par' dir='ltr' id='par_1_10' title="bbox 105 897 1331 990">
     <span class='ocr_line' id='line_1_16' title="bbox 156 897 1331 950; baseline 0.003 -15"><span class='ocrx_word' id='word_1_95' title='bbox 156 899 305 935; x_wconf 81' lang='lat' dir='ltr'>Murum</span> <span class='ocrx_word' id='word_1_96' title='bbox 325 899 372 935; x_wconf 83' lang='lat' dir='ltr'>ab</span> <span class='ocrx_word' id='word_1_97' title='bbox 401 897 536 948; x_wconf 81' lang='lat' dir='ltr'>angulo</span> <span class='ocrx_word' id='word_1_98' title='bbox 556 898 672 934; x_wconf 84' lang='lat' dir='ltr'>dextri</span> <span class='ocrx_word' id='word_1_99' title='bbox 703 897 829 934; x_wconf 84' lang='lat' dir='ltr'>lateris</span> <span class='ocrx_word' id='word_1_100' title='bbox 849 899 896 935; x_wconf 84' lang='lat' dir='ltr'>ad</span> <span class='ocrx_word' id='word_1_101' title='bbox 922 899 1096 950; x_wconf 84' lang='lat' dir='ltr'>paludem</span> <span class='ocrx_word' id='word_1_102' title='bbox 1130 900 1230 938; x_wconf 81' lang='lat' dir='ltr'>haud.</span> <span class='ocrx_word' id='word_1_103' title='bbox 1248 914 1331 950; x_wconf 91' lang='lat' dir='ltr'>pro·</span> 
     </span>
     <span class='ocr_line' id='line_1_17' title="bbox 105 950 882 990; baseline 0.001 -2"><span class='ocrx_word' id='word_1_104' title='bbox 105 952 165 989; x_wconf 85' lang='lat' dir='ltr'>cul</span> <span class='ocrx_word' id='word_1_105' title='bbox 183 958 360 989; x_wconf 85' lang='lat' dir='ltr'>remotam</span> <span class='ocrx_word' id='word_1_106' title='bbox 379 951 496 988; x_wconf 83' lang='lat' dir='ltr'>duxit.</span> <span class='ocrx_word' id='word_1_107' title='bbox 551 950 658 990; x_wconf 84' lang='lat' dir='ltr'>Serv.</span> <span class='ocrx_word' id='word_1_108' title='bbox 678 951 882 990; x_wconf 69' lang='lat' dir='ltr'>Fulclanus.</span> 
     </span>
    </p>
   </div>
   <div class='ocr_carea' id='block_1_5' title="bbox 391 1317 1037 1373">
    <p class='ocr_par' dir='ltr' id='par_1_11' title="bbox 391 1317 1037 1373">
     <span class='ocr_line' id='line_1_18' title="bbox 391 1317 1037 1373; baseline 0.002 -2"><span class='ocrx_word' id='word_1_109' title='bbox 391 1317 1037 1373; x_wconf 84' lang='lat' dir='ltr'><strong>FRAGMENTA</strong></span> 
     </span>
    </p>
   </div>
   <div class='ocr_carea' id='block_1_6' title="bbox 503 1505 964 1549">
    <p class='ocr_par' dir='ltr' id='par_1_12' title="bbox 503 1505 964 1549">
     <span class='ocr_line' id='line_1_19' title="bbox 503 1505 964 1549; baseline 0.002 -1"><span class='ocrx_word' id='word_1_110' title='bbox 503 1505 964 1549; x_wconf 83' lang='lat' dir='ltr'><strong><em>HISTORIARUM.</em></strong></span> 
     </span>
    </p>
   </div>
   <div class='ocr_carea' id='block_1_7' title="bbox 488 1691 962 1733">
    <p class='ocr_par' dir='ltr' id='par_1_13' title="bbox 488 1691 962 1733">
     <span class='ocr_line' id='line_1_20' title="bbox 488 1691 962 1733; baseline 0.004 -2"><span class='ocrx_word' id='word_1_111' title='bbox 488 1691 666 1731; x_wconf 85' lang='lat' dir='ltr'>LIBER</span> <span class='ocrx_word' id='word_1_112' title='bbox 696 1691 962 1733; x_wconf 85' lang='lat' dir='ltr'><strong>TERTIUS.</strong></span> 
     </span>
    </p>
   </div>
   <div class='ocr_carea' id='block_1_8' title="bbox 118 1815 1339 1908">
    <p class='ocr_par' dir='ltr' id='par_1_14' title="bbox 118 1815 1339 1908">
     <span class='ocr_line' id='line_1_21' title="bbox 118 1815 1339 1895; baseline 0.004 -43"><span class='ocrx_word' id='word_1_113' title='bbox 118 1815 534 1895; x_wconf 84' lang='lat' dir='ltr'><strong>EXAUDIRIQUE</strong></span> <span class='ocrx_word' id='word_1_114' title='bbox 564 1830 677 1853; x_wconf 90' lang='lat' dir='ltr'>sonus</span> <span class='ocrx_word' id='word_1_115' title='bbox 708 1816 1049 1857; x_wconf 82' lang='lat' dir='ltr'>Bacchanaliorum.</span> <span class='ocrx_word' id='word_1_116' title='bbox 1108 1818 1233 1857; x_wconf 83' lang='lat' dir='ltr'>Macr.</span> <span class='ocrx_word' id='word_1_117' title='bbox 1263 1820 1286 1857; x_wconf 85' lang='lat' dir='ltr'>l.</span> <span class='ocrx_word' id='word_1_118' title='bbox 1314 1820 1339 1858; x_wconf 88' lang='lat' dir='ltr'>i.</span> 
     </span>
     <span class='ocr_line' id='line_1_22' title="bbox 226 1869 601 1908; baseline 0.005 -2"><span class='ocrx_word' id='word_1_119' title='bbox 226 1884 254 1906; x_wconf 88' lang='lat' dir='ltr'>c.</span> <span class='ocrx_word' id='word_1_120' title='bbox 273 1870 309 1906; x_wconf 80' lang='lat'>4.</span> <span class='ocrx_word' id='word_1_121' title='bbox 329 1869 478 1906; x_wconf 61' lang='lat' dir='ltr'>Satur-n.</span> <span class='ocrx_word' id='word_1_122' title='bbox 498 1870 601 1908; x_wconf 77' lang='lat' dir='ltr'>Non.</span> 
     </span>
    </p>
   </div>
   <div class='ocr_carea' id='block_1_9' title="bbox 118 1922 1344 2135">
    <p class='ocr_par' dir='ltr' id='par_1_15' title="bbox 118 1922 1341 2079">
     <span class='ocr_line' id='line_1_23' title="bbox 171 1922 1341 1977; baseline 0.004 -18"><span class='ocrx_word' id='word_1_123' title='bbox 171 1922 342 1967; x_wconf 82' lang='lat' dir='ltr'>Diversa,</span> <span class='ocrx_word' id='word_1_124' title='bbox 368 1922 423 1960; x_wconf 74' lang='lat' dir='ltr'>uti</span> <span class='ocrx_word' id='word_1_125' title='bbox 455 1923 549 1961; x_wconf 81' lang='lat' dir='ltr'>solet</span> <span class='ocrx_word' id='word_1_126' title='bbox 576 1925 688 1961; x_wconf 86' lang='lat' dir='ltr'>rebus</span> <span class='ocrx_word' id='word_1_127' title='bbox 720 1925 887 1974; x_wconf 86' lang='lat' dir='ltr'>perditis,</span> <span class='ocrx_word' id='word_1_128' title='bbox 926 1932 1150 1975; x_wconf 83' lang='lat' dir='ltr'>capessunt:</span> <span class='ocrx_word' id='word_1_129' title='bbox 1180 1940 1341 1977; x_wconf 85' lang='lat' dir='ltr'>namque</span> 
     </span>
     <span class='ocr_line' id='line_1_24' title="bbox 118 1974 1341 2029; baseline 0.005 -18"><span class='ocrx_word' id='word_1_130' title='bbox 118 1974 179 2011; x_wconf 88' lang='lat' dir='ltr'>alii</span> <span class='ocrx_word' id='word_1_131' title='bbox 196 1975 333 2013; x_wconf 66' lang='lat' dir='ltr'>fiducia</span> <span class='ocrx_word' id='word_1_132' title='bbox 360 1977 549 2026; x_wconf 87' lang='lat' dir='ltr'>gnaritatis</span> <span class='ocrx_word' id='word_1_133' title='bbox 578 1977 741 2014; x_wconf 81' lang='lat' dir='ltr'>locorum</span> <span class='ocrx_word' id='word_1_134' title='bbox 769 1979 805 2014; x_wconf 89' lang='lat' dir='ltr'>in</span> <span class='ocrx_word' id='word_1_135' title='bbox 826 1979 1012 2016; x_wconf 85' lang='lat' dir='ltr'>occultam</span> <span class='ocrx_word' id='word_1_136' title='bbox 1042 1980 1169 2028; x_wconf 72' lang='lat' dir='ltr'>fugam</span> <span class='ocrx_word' id='word_1_137' title='bbox 1200 1980 1341 2029; x_wconf 88' lang='lat' dir='ltr'>sparsi:</span> 
     </span>
     <span class='ocr_line' id='line_1_25' title="bbox 119 2027 1176 2079; baseline 0.006 -15"><span class='ocrx_word' id='word_1_138' title='bbox 119 2027 178 2064; x_wconf 79' lang='lat' dir='ltr'>alii</span> <span class='ocrx_word' id='word_1_139' title='bbox 194 2029 314 2079; x_wconf 85' lang='lat' dir='ltr'>globis</span> <span class='ocrx_word' id='word_1_140' title='bbox 333 2030 561 2079; x_wconf 81' lang='lat' dir='ltr'>eruptionem</span> <span class='ocrx_word' id='word_1_141' title='bbox 578 2031 779 2068; x_wconf 70' lang='lat' dir='ltr'>tentavere.</span> <span class='ocrx_word' id='word_1_142' title='bbox 835 2031 964 2069; x_wconf 72' lang='lat' dir='ltr'>Prisc.</span> <span class='ocrx_word' id='word_1_143' title='bbox 983 2031 1006 2069; x_wconf 88' lang='lat' dir='ltr'>l.</span> <span class='ocrx_word' id='word_1_144' title='bbox 1021 2047 1058 2071; x_wconf 85' lang='lat' dir='ltr'>x.</span> <span class='ocrx_word' id='word_1_145' title='bbox 1078 2033 1176 2071; x_wconf 81' lang='lat' dir='ltr'>Non.</span> 
     </span>
    </p>

    <p class='ocr_par' dir='ltr' id='par_1_16' title="bbox 170 2080 1344 2135">
     <span class='ocr_line' id='line_1_26' title="bbox 170 2080 1344 2135; baseline 0.006 -18"><span class='ocrx_word' id='word_1_146' title='bbox 170 2080 276 2118; x_wconf 89' lang='lat' dir='ltr'>Unus</span> <span class='ocrx_word' id='word_1_147' title='bbox 305 2083 468 2120; x_wconf 85' lang='lat' dir='ltr'>constitit</span> <span class='ocrx_word' id='word_1_148' title='bbox 500 2084 536 2119; x_wconf 90' lang='lat' dir='ltr'>in</span> <span class='ocrx_word' id='word_1_149' title='bbox 571 2097 660 2133; x_wconf 82' lang='lat' dir='ltr'>agro</span> <span class='ocrx_word' id='word_1_150' title='bbox 707 2084 874 2131; x_wconf 83' lang='lat' dir='ltr'>Lucano,</span> <span class='ocrx_word' id='word_1_151' title='bbox 908 2100 1046 2135; x_wconf 83' lang='lat' dir='ltr'>gnarus</span> <span class='ocrx_word' id='word_1_152' title='bbox 1082 2087 1166 2133; x_wconf 87' lang='lat' dir='ltr'>loci,</span> <span class='ocrx_word' id='word_1_153' title='bbox 1196 2087 1344 2124; x_wconf 83' lang='lat' dir='ltr'>nomine</span> 
     </span>
    </p>
   </div>
   <div class='ocr_carea' id='block_1_10' title="bbox 121 2132 988 2184">
    <p class='ocr_par' dir='ltr' id='par_1_17' title="bbox 121 2132 988 2184">
     <span class='ocr_line' id='line_1_27' title="bbox 121 2132 988 2184; baseline 0.008 -15"><span class='ocrx_word' id='word_1_154' title='bbox 121 2132 311 2184; x_wconf 89' lang='lat' dir='ltr'>Publipor.</span> <span class='ocrx_word' id='word_1_155' title='bbox 363 2135 481 2173; x_wconf 81' lang='lat' dir='ltr'>Idem.</span> <span class='ocrx_word' id='word_1_156' title='bbox 501 2136 524 2174; x_wconf 86' lang='lat' dir='ltr'>l.</span> <span class='ocrx_word' id='word_1_157' title='bbox 541 2137 591 2174; x_wconf 86' lang='lat' dir='ltr'>vi.</span> <span class='ocrx_word' id='word_1_158' title='bbox 612 2136 754 2174; x_wconf 79' lang='lat' dir='ltr'>Probus</span> <span class='ocrx_word' id='word_1_159' title='bbox 771 2138 988 2177; x_wconf 73' lang='lat' dir='ltr'>Catholicis.</span> 
     </span>
    </p>
   </div>
   <div class='ocr_carea' id='block_1_11' title="bbox 124 2186 1345 2280">
    <p class='ocr_par' dir='ltr' id='par_1_18' title="bbox 124 2186 1345 2280">
     <span class='ocr_line' id='line_1_28' title="bbox 124 2186 1345 2276; baseline 0.007 -53"><span class='ocrx_word' id='word_1_160' title='bbox 124 2186 274 2276; x_wconf 64' lang='lat' dir='ltr'>PMale</span> <span class='ocrx_word' id='word_1_161' title='bbox 302 2190 379 2239; x_wconf 85' lang='lat' dir='ltr'>jam</span> <span class='ocrx_word' id='word_1_162' title='bbox 415 2196 600 2227; x_wconf 82' lang='lat' dir='ltr'>assuetum</span> <span class='ocrx_word' id='word_1_163' title='bbox 635 2191 682 2227; x_wconf 87' lang='lat' dir='ltr'>ad</span> <span class='ocrx_word' id='word_1_164' title='bbox 732 2191 852 2229; x_wconf 73' lang='lat' dir='ltr'>omnis</span> <span class='ocrx_word' id='word_1_165' title='bbox 900 2192 954 2230; x_wconf 75' lang='lat' dir='ltr'>vis</span> <span class='ocrx_word' id='word_1_166' title='bbox 1001 2194 1345 2232; x_wconf 85' lang='lat' dir='ltr'>controversiarum.</span> 
     </span>
     <span class='ocr_line' id='line_1_29' title="bbox 156 2238 501 2280; baseline 0.02 -6"><span class='ocrx_word' id='word_1_167' title='bbox 156 2238 241 2277; x_wconf 85' lang='lat' dir='ltr'>risc.</span> <span class='ocrx_word' id='word_1_168' title='bbox 259 2241 282 2278; x_wconf 80' lang='lat' dir='ltr'>l.</span> <span class='ocrx_word' id='word_1_169' title='bbox 300 2242 348 2280; x_wconf 87' lang='lat' dir='ltr'>vi.</span> <span class='ocrx_word' id='word_1_170' title='bbox 498 2240 501 2242; x_wconf 58' lang='grc'><strong>’</strong></span> 
     </span>
    </p>
   </div>
   <div class='ocr_carea' id='block_1_12' title="bbox 174 2292 869 2345">
    <p class='ocr_par' dir='ltr' id='par_1_19' title="bbox 174 2292 869 2345">
     <span class='ocr_line' id='line_1_30' title="bbox 174 2292 869 2345; baseline 0.01 -16"><span class='ocrx_word' id='word_1_171' title='bbox 174 2292 434 2345; x_wconf 85' lang='lat' dir='ltr'>Conjuratione</span> <span class='ocrx_word' id='word_1_172' title='bbox 453 2296 598 2334; x_wconf 85' lang='lat' dir='ltr'>claudit.</span> <span class='ocrx_word' id='word_1_173' title='bbox 658 2296 770 2344; x_wconf 79' lang='lat' dir='ltr'>Idem,</span> <span class='ocrx_word' id='word_1_174' title='bbox 790 2298 813 2336; x_wconf 84' lang='lat' dir='ltr'>l.</span> <span class='ocrx_word' id='word_1_175' title='bbox 833 2312 869 2336; x_wconf 90' lang='lat' dir='ltr'>x.</span> 
     </span>
    </p>
   </div>
  </div>
 </body>
</html>
