1492 2531
68 115 73 121 ,
101 75 176 123 174
662 87 797 114 mnssx.

138 183 272 214 Lentulo
321 182 508 224 supplicium
557 184 713 223 sumptum
789 182 832 212 lio
862 183 968 224 equite
998 182 1154 218 Romano,
1181 182 1367 213 Ciceronem

138 232 196 261 est,
213 227 266 256 32.
792 225 876 255 domi
913 227 1100 267 imparatum
1130 226 1169 256 de
1199 225 1369 267 improviso

94 268 253 309 Turpilius
272 268 384 299 Vaecae
410 267 585 308 praefectus,
609 268 714 299 coortii
788 271 965 309 opprimere
980 270 1150 305 constituit,
1168 272 1220 298 14.

137 312 303 345 seditione,
318 322 397 342 unus
420 322 458 341 ex
482 312 624 342 omnibus
649 312 715 342 Ita·
749 312 925 343 Umbrenus
956 313 1142 353 Allobroges
1182 312 1223 342 ad
1260 310 1365 350 conju-

137 355 207 385 licis
238 355 376 395 profugit
401 354 548 390 intactus,
579 357 632 384 77.
650 354 715 393 jus·
788 354 920 385 randum
935 357 1084 391 hortatur,
1100 359 1153 386 20.

138 409 190 428 sus
219 397 238 427 εἰ
265 397 399 433 Metello
436 407 561 428 causam
599 397 714 432 dicere,
748 398 851 429 Volux
880 399 1000 429 Bocchi
1030 399 1121 434 filius,
1159 399 1212 428 97.
1239 397 1258 426 ’ἆ
1283 396 1370 427 Sulla

137 441 373 476 condemnatur,
411 447 442 470 et
473 440 577 480 capite
609 451 716 481 poenas
790 447 966 480 suspectus,
985 442 1070 472 abire
1097 441 1208 472 castris
1229 440 1367 482 jubetur,

139 475 298 522 s01v1⁸t‚z'h.
795 487 866 513 100.

751 526 926 557 Vulturtius
952 527 1168 558 Crotoniensis
1191 528 1210 557 ὲ,
1236 527 1369 557 Lentulo

394 568 433 600 V.
792 569 953 609 conjurato
982 580 1053 601 cum
1092 569 1295 610 Allobrogum
1326 570 1368 599 le-

98 613 207 643 Vacca
229 612 330 643 forum
357 622 460 642 rerum
487 612 644 642 venalium
671 618 716 643 to-
792 614 877 653 gatis
906 619 937 643 et
979 612 1092 643 litteris
1122 612 1162 643 ad
1202 612 1369 644 Catilinam

140 657 201 686 tius
231 655 389 686 Numidiae
417 656 550 685 maxim&
582 656 718 686 celebra<
793 657 918 691 missus,
942 658 974 686 in
994 663 1087 697 ponte
1111 656 1234 686 Mulvio
1258 655 1370 696 depre-

138 705 225 735 tum;
271 699 323 728 ubi
366 698 546 738 praesidium
587 699 718 739 imponit
793 699 950 735 henditur,
996 698 1239 740 conjurationem
1283 705 1372 738 pate-

139 742 302 777 Metellus,
318 743 370 772 65.
419 742 608 777 VaccenseS,
638 742 719 772 sedi·
795 743 883 779 facit,
894 745 952 778 -021,
974 745 1026 772 22.
1049 742 1140 783 eique
1164 752 1201 772 ac
1226 741 1371 772 Allobro-

140 786 235 815 tionis
249 785 306 820 rei,
324 784 502 825 puniuntur,
518 787 572 814 76.
796 785 870 825 gsim
896 786 1010 826 legatis
1037 785 1076 815 ob
1099 785 1251 815 indicium
1272 786 1291 814 ὲ
1315 784 1371 815 Se-

98 829 247 859 Valerius
263 828 395 859 Flaccus
417 835 449 859 et
469 828 508 859 C.
533 827 720 868 Pomptinus
795 834 872 859 natu
887 829 1016 869 praemia
1027 828 1246 863 decernuntur,
1264 830 1316 858 24.

139 878 289 912 praetores
313 871 344 901 in
378 871 479 901 Ponte
517 871 639 901 Mulvio
666 881 722 911 per

139 914 270 945 insidias
311 913 516 955 Allobrogum
550 914 721 945 comitatus
1046 915 1079 945 Z.

141 956 391 999 deprehendunt,
408 960 460 988 21.
754 958 851 989 Zama
868 957 1028 988 Numidiae
1043 968 1108 993 arx,
1125 959 1178 987 70.
1204 958 1223 988 ὲ
1240 957 1372 988 Metello

99 1001 314 1042 Vargunteius
337 1008 474 1036 senator,
503 1010 574 1031 cum
600 999 718 1031 Corne-
795 1001 911 1032 frustra
927 1009 1133 1042 oppugnatur,
1148 1002 1286 1032 71-73.

668 1587 691 1617 F
704 1587 715 1616 1
730 1586 759 1616 N
772 1586 785 1616 1
800 1585 832 1616 S.

663 2256 798 2280 Loxmxr
814 2263 819 2279 ε

354 2291 538 2316 Excuderunt
552 2290 662 2315 wilson
676 2293 704 2315 et
717 2290 818 2319 Filius,
829 2288 871 2319 57,
886 2286 1133 2312 Skinner-Street.
