1492 2531
406 30 625 71 BELLUM
656 31 678 68 J
680 31 1049 71 UGURTHINUM
1054 63 1060 70 .
1285 36 1332 74 61

104 141 278 191 persequi
307 137 542 188 Jugurtham,
563 141 599 172 et
627 135 768 172 mederi
799 135 974 173 fraternae
1010 135 1174 180 invidiae,
1194 138 1336 173 animus

104 195 283 239 ardebat3
320 190 486 240 cognites
517 189 709 232 militibus,
741 202 834 238 quos
871 194 1008 238 praeter
1039 189 1180 239 fugam,
1214 189 1336 228 soluto

103 249 270 297 imperio,
304 244 454 281 licentia
488 248 597 292 atque
646 241 798 279 lascivia
845 250 1082 290 corruperat3
1137 257 1183 279 ex
1229 244 1337 293 copia

104 315 225 338 rerum
256 298 397 342 statuit,
426 296 497 333 sibi
532 295 622 332 nihil
651 295 878 344 agitandum.
946 295 1095 332 Interea
1128 296 1257 333 Romae
1296 297 1338 334 C.

105 353 296 390 Mamilius
328 351 558 395 Limetanus,
586 349 755 385 tribunus
789 348 922 397 plebis,
941 350 1173 398 rogationem
1193 350 1239 387 ad
1272 365 1339 399 po-

104 406 235 455 pulum
267 404 487 455 promulgat,
521 401 574 439 uti
607 408 834 451 quaereretur
868 402 905 437 in
935 416 1012 444 eos,
1030 417 1186 452 quorum
1220 404 1339 441 consi-

102 459 151 495 lio
183 459 367 508 ,Iugurtha
384 457 500 493 senati
533 456 682 492 decreta
711 454 957 503 neglexisset;
987 456 1123 505 quique
1156 457 1202 492 ab
1222 471 1266 493 eo
1298 458 1336 493 in

101 512 367 563 legationibus,
386 516 449 547 aut
463 509 642 558 imperiis,
662 508 841 558 pecunias
874 510 1128 557 accepissent3
1172 511 1235 559 qui
1265 510 1338 547 ele-

101 566 272 614 phantos,
288 565 426 615 quique
446 563 621 612 perfugas
652 561 915 607 tradidissent3
943 562 1043 607 item,
1062 563 1126 612 qui
1158 564 1203 600 de
1229 578 1336 613 pace,

102 626 165 655 aut
189 619 303 664 bello,
318 632 402 654 cum
431 617 599 652 hostibus
620 616 812 664 pactiones
844 615 1029 652 fecissent.
1106 615 1202 652 Huic
1232 632 1338 667 roga-

101 673 192 709 tioni
228 670 363 721 partim
399 670 539 707 conscii
559 669 642 714 sibi,
675 669 735 705 alii
753 682 799 705 ex
829 669 988 716 partium
1008 669 1149 706 invidia
1168 671 1335 719 pericula

104 731 323 770 metuentes,
359 724 533 773 quoniam
569 721 698 772 aperte
734 722 903 758 resistere
924 736 999 758 non
1033 728 1214 771 poterant,
1245 723 1357 772 quin*

101 778 162 815 illa
192 785 229 815 et
264 778 334 815 alia
367 777 456 814 talia
474 777 621 825 placere
655 775 954 818 sibisaterentur,
986 775 1132 812 occulte
1163 790 1229 825 per
1247 778 1337 814 ami--

102 846 180 876 cos,
200 846 242 868 ac
277 829 450 868 maxume
486 843 552 879 per
586 829 753 865 homines
790 828 948 870 nominis
985 827 1109 865 Latini
1145 835 1181 866 et
1213 831 1334 867 socios

102 886 266 931 Italicos,
285 885 550 934 impedimenta
565 883 758 932 parabant.
829 882 904 918 Sed
942 881 1086 930 plebes,
1118 883 1334 921 incredibile

102 945 306 976 memoratu
348 943 417 982 est,
464 936 642 986 quantum
688 936 830 971 intenta
872 935 994 981 fuerit,
1044 936 1257 986 quantaque
1299 939 1335 975 vi

102 994 332 1042 rogationem
358 991 525 1042 jusserit,
545 989 762 1033 decreverit,
793 987 976 1034 voluerit3
1003 988 1121 1038 magis
1154 991 1237 1027 odio
1273 1005 1336 1027 no-

101 1046 270 1087 bilitatis‚
289 1045 348 1082 cui
363 1044 460 1080 mala
474 1043 538 1079 illa
565 1044 802 1091 parabantur,
827 1040 939 1090 quam
973 1043 1063 1078 cura
1093 1044 1336 1091 reipublicae3

102 1105 205 1136 tanta
223 1099 348 1135 lubido
368 1098 405 1134 in
424 1097 592 1146 partibus
627 1093 727 1132 erat!
783 1094 916 1144 Igitur,
951 1096 1092 1131 caeteris
1123 1102 1222 1133 metu
1253 1111 1336 1147 per-

104 1152 231 1197 culsis,
262 1152 315 1188 M.
353 1151 530 1194 Scaurus,
550 1162 659 1197 quem
694 1147 859 1197 legatum
895 1148 1032 1185 Bestiae
1068 1149 1181 1186 fuisse
1219 1151 1334 1200 supra

103 1206 401 1249 memoravimus,
436 1204 530 1239 inter
565 1202 731 1238 laetitiam
767 1201 887 1250 plebis
934 1207 970 1237 et
1002 1216 1152 1238 suorum
1192 1204 1333 1254 fugam,

102 1259 249 1308 trepida
268 1259 377 1295 etiam
408 1263 487 1294 tum
505 1255 667 1300 civitate,
697 1254 782 1290 cum
811 1268 858 1291 ex
890 1253 1109 1291 Mamiliana
1142 1258 1333 1306 rogatione

103 1318 176 1349 tres
228 1312 446 1361 quaesitores
493 1314 726 1358 rogarentur,
762 1307 946 1351 effecerat,
994 1314 1034 1344 ut
1083 1310 1164 1358 ipse
1200 1311 1238 1346 in
1289 1325 1332 1348 eo

102 1379 254 1401 numero
286 1370 483 1401 crearetur.
549 1361 638 1406 Sed,
668 1361 874 1410 quaestione
911 1362 1074 1398 exercita
1103 1363 1235 1412 aspere
1272 1379 1335 1401 no-

101 1418 293 1461 bilitatem,
331 1418 383 1454 sic
417 1415 463 1454 ea
493 1420 714 1464 tempestate
747 1413 907 1463 plebem,
940 1428 986 1451 ex
1019 1417 1192 1453 secundis
1220 1418 1332 1455 rebus

102 1472 298 1508 insolentia
334 1475 494 1520 ceperat.
551 1470 737 1506 Caeterum
773 1481 849 1503 mas
886 1468 1046 1516 partium
1082 1470 1333 1519 popularium,

103 1531 140 1561 et
159 1524 308 1561 senatus
328 1525 540 1567 factionum,
560 1536 602 1558 ac
631 1520 765 1557 deinde
785 1522 947 1557 omnium
980 1522 1160 1559 malarum
1189 1525 1332 1569 artium,

102 1579 231 1627 paucis
247 1577 331 1614 ante
350 1577 454 1613 annis
481 1576 612 1613 Romae
648 1582 749 1611 ortus
769 1580 838 1619 est,
858 1575 931 1611 otio
960 1581 1070 1624 atque
1106 1578 1335 1615 abundantia

103 1644 229 1667 earum
257 1645 392 1677 rerum,
411 1644 494 1679 quae
531 1629 649 1678 prima
686 1627 858 1664 mortales
894 1628 1047 1665 ducunt.
1115 1630 1217 1666 Nam
1248 1638 1333 1669 ante

104 1684 367 1734 Carthaginem
396 1684 567 1722 deletam.
588 1681 749 1731 populus
782 1686 818 1716 et.
853 1688 1003 1718 senatus
1038 1682 1223 1720 Romanus
1257 1685 1336 1734 pla-

103 1737 185 1774 cide
205 1737 447 1786 modesteque
467 1738 560 1772 inter
581 1750 618 1771 se
646 1734 911 1783 rempublicam
943 1737 1173 1773 tractabant:
1212 1752 1334 1788 neque

102 1791 245 1840 gloriae,
262 1805 383 1840 neque
420 1788 676 1826 dominationis
719 1794 902 1824 certamen
946 1794 1041 1825 inter
1087 1789 1178 1826 civis
1230 1798 1333 1829 erat:

103 1850 222 1881 metus
239 1844 379 1881 hostilis
398 1844 435 1880 in
464 1843 571 1879 bonis
601 1842 741 1878 artibus
775 1841 961 1877 civitatem
996 1843 1187 1880 retinebat.
1258 1845 1336 1882 Sed

103 1898 167 1934 ubi
185 1898 341 1935 formido
383 1897 444 1933 illa
479 1896 662 1933 mentibus
689 1894 874 1938 decessit3
922 1894 1066 1932 scilicet
1085 1910 1141 1941 ea,
1161 1911 1245 1946 quae
1280 1913 1336 1934 se-

104 1952 237 1988 cundae
257 1966 316 1989 res
336 1956 472 1995 amant,
490 1949 643 1986 lascivia
671 1954 781 1997 atque
802 1948 990 1996 superbia,
1009 1949 1207 1988 incessere.
1264 1952 1336 1998 Ita,

104 2005 205 2054 quod
246 2005 283 2041 in
329 2004 495 2040 advorsis
542 2003 652 2039 rebus
708 2006 940 2050 optaverant,
978 2003 1104 2048 otium,
1136 2005 1335 2054 postquam

104 2058 227 2106 adepti
246 2064 344 2103 sunt,
364 2057 533 2106 asperius
567 2055 813 2104 acerbiusque
850 2054 943 2091 fuit:
988 2069 1148 2106 namque
1186 2058 1334 2107 coepere

104 2111 277 2148 nobilitas
321 2111 552 2161 dignitatem,
584 2107 746 2158 populus
796 2107 1004 2144 libertatem
1049 2109 1085 2146 in
1130 2110 1335 2148 lubidinem

105 2169 268 2209 vertere3
297 2166 368 2201 sibi
387 2165 542 2213 quisque
567 2163 716 2205 ducere,
736 2161 892 2205 trahere,
911 2175 1053 2210 rapere.
1125 2164 1181 2200 lta
1213 2166 1336 2201 onmia

104 2217 140 2254 in
178 2217 269 2255 duas
305 2217 420 2268 partis
457 2219 644 2254 abstracta
680 2222 795 2261 sunt3
841 2215 1063 2264 respublica,
1096 2231 1181 2266 quae
1215 2219 1336 2255 media
