1492 2531
135 66 186 104 74
673 68 953 108 SALLUSTH

135 176 238 213 mora
274 176 373 212 fac-ta
409 181 507 217 sunt,
536 174 644 224 jubet
680 173 854 223 perfugas
891 172 1009 211 omnis
1045 175 1191 213 vinctos
1227 178 1376 215 adduci.

134 231 273 267 Eorum
311 243 447 278 magna
482 241 582 277 pars,
619 225 674 263 uti
706 228 855 277 jussum
896 234 987 273 erat,
1033 229 1206 275 adducti;
1250 233 1375 280 pauci,

134 282 220 320 cnm
241 280 402 332 primum
429 281 566 318 deditio
598 279 721 329 coepit,
749 280 797 316 ad
824 295 952 331 regem
978 281 1170 319 Bocchum
1199 284 1237 320 in
1268 284 1376 322 Mau-

131 337 301 374 ritaniam
337 334 514 371 abierant.
580 333 700 383 Igitur
731 334 931 383 Jugurtha,
967 335 1031 371 ubi
1066 337 1176 373 armis
1212 337 1373 388 virisque

132 396 169 428 et
202 389 364 439 pecunia
389 388 568 437 spoliatus
593 393 662 430 est,
693 386 776 423 cum
805 388 886 435 ipse
918 388 967 424 ad
995 390 1251 437 imperandum
1279 391 1375 429 Tisi-

132 444 232 480 dium
264 448 472 487 vocaretur,
503 440 631 477 rursus
664 440 777 490 coepit
807 441 954 478 flectere
987 442 1148 479 animum
1182 458 1303 489 suum,
1336 453 1373 484 et

131 511 177 534 ex
207 496 303 532 mala
332 493 559 532 conscientia
590 495 703 543 digna
732 494 870 531 timere.
925 494 1115 546 Denique,
1143 497 1269 534 multis
1299 499 1374 536 die-

129 552 201 587 bus
221 564 287 598 per
313 549 581 586 dubitationem
609 547 828 592 consumtis,
857 545 942 584 cnm
971 549 1082 587 mod&
1111 550 1222 586 taedio
1250 565 1372 590 rerum

130 605 368 641 adversarum
387 603 511 638 onmia
528 601 627 638 bello
653 601 800 650 potiora
829 601 1002 648 duceret3
1032 601 1220 639 interdum
1246 618 1371 643 secum

127 658 208 706 ipse
236 661 438 706 reputaret,
469 654 582 705 quam
612 655 736 705 gravis
765 668 875 692 casus
901 655 937 691 in
959 656 1150 693 servitium
1181 671 1227 694 ex
1257 671 1370 708 regno

126 712 243 748 foret:
280 709 406 746 multis
441 709 661 759 magnisque
699 709 882 758 praesidiis
917 709 1167 759 nequicquam
1202 712 1370 759 perditis,

129 766 174 801 de
205 765 349 814 integro
378 763 519 800 bellum
549 762 671 799 sumit.
727 762 774 798 Et
805 761 938 798 Romae
968 769 1130 808 senatus,
1152 765 1197 801 de
1220 768 1370 813 provin-

128 818 194 854 ciis
224 817 431 860 consultus,
459 816 677 853 Numidiam
701 815 859 852 Metello
889 816 1117 853 decreverat.
1172 818 1245 854 Per
1273 819 1370 856 idem

126 878 274 921 tempus
311 870 447 914 Uticae,
483 868 577 906 forte
617 869 658 904 C.
695 868 818 905 Mario
855 883 921 918 per
951 870 1088 907 hostias
1125 869 1195 907 diis
1231 873 1371 922 suppli-

127 931 249 968 cante,
276 938 409 973 magna
438 928 548 972 atque
581 922 765 959 mirabilia
793 923 963 971 portendi
989 924 1174 972 haruspex
1204 926 1367 971 dixerat;

126 977 298 1028 proinde,
332 992 415 1026 quae
452 978 574 1013 animo
612 977 789 1025 agitabat,
819 976 934 1013 fretus
962 976 1032 1012 diis
1068 983 1217 1028 ageret:
1255 979 1370 1017 fortu-

125 1046 212 1069 nam
230 1031 342 1081 quam
366 1029 584 1080 saepissume
615 1030 865 1077 experiretur3
893 1036 1027 1066 cuncta
1054 1031 1233 1080 prospere
1262 1047 1370 1070 even-

125 1092 221 1123 tura.
295 1084 347 1122 At
382 1084 485 1121 illum
525 1084 603 1133 jam
640 1081 750 1119 ante&
795 1083 1010 1120 consulatfis
1054 1085 1186 1134 ingens
1231 1087 1367 1136 cupido

126 1139 362 1189 exagitabat:
395 1139 442 1174 ad
461 1150 571 1186 quem
592 1136 828 1185 capiendum,
855 1144 990 1185 praeter
1017 1143 1241 1175 vetustatem
1268 1141 1370 1178 fami-

124 1193 198 1236 liae,
229 1193 300 1229 alia
328 1192 451 1229 omnia
483 1187 632 1227 abunde
667 1196 792 1234 erant;
828 1190 1023 1237 industria,
1058 1191 1240 1240 probitas,
1276 1194 1369 1231 mili-

124 1247 187 1283 tiae
218 1259 352 1295 magna
381 1244 549 1289 scientia,
577 1243 721 1279 animus
754 1243 843 1280 belli
877 1245 1023 1294 ingens,
1052 1244 1151 1282 domi
1185 1247 1367 1292 modicus,

123 1299 302 1336 lubidinis
331 1304 368 1335 et
397 1298 607 1335 divitiarum
637 1296 767 1338 victor,
796 1295 1054 1334 tantummode
1074 1299 1202 1348 gloriae
1222 1301 1365 1339 avidus.

124 1354 200 1390 Sed
224 1354 269 1397 is,
298 1359 408 1389 natus
436 1357 472 1389 et
501 1363 647 1387 omnem
677 1351 871 1397 pueritiam
900 1351 1034 1400 Arpini
1062 1353 1171 1399 altus,
1199 1355 1265 1391 ubi
1294 1356 1368 1403 pri--

122 1406 226 1443 mum
255 1412 346 1443 aetas
374 1405 516 1442 militiae
547 1403 693 1454 patiens
724 1404 806 1448 fuit,
838 1405 1032 1454 stipendiis
1061 1405 1259 1452 faciundis,
1291 1421 1364 1445 non

125 1458 263 1497 Graeca
290 1460 476 1504 facundia,
500 1471 620 1507 neque
650 1459 802 1494 urbanis
831 1458 1035 1503 munditiis,
1064 1473 1144 1497 sese
1177 1461 1362 1498 exercuit:

121 1515 172 1550 ita
208 1514 303 1550 inter
340 1512 428 1549 artis
461 1514 580 1549 bonas
614 1513 799 1561 integrum
828 1512 1018 1558 ingenium
1050 1512 1159 1551 brevi
1191 1515 1365 1552 adolevit.

121 1567 224 1617 Ergo
261 1567 325 1603 ubi
361 1564 522 1616 primum
565 1567 790 1602 tribunatum
828 1565 984 1602 militum
1023 1564 1045 1601 a
1082 1567 1223 1616 populo
1258 1569 1363 1618 petit,

120 1621 309 1670 plerisque
335 1620 468 1656 faciem
499 1620 577 1669 ejus
607 1618 877 1670 ignorantibus,
906 1618 1027 1663 facile,
1050 1626 1176 1664 notus,
1195 1635 1264 1671 per
1283 1635 1363 1659 om·-

121 1674 179 1711 nis
209 1675 327 1711 tribus
357 1673 578 1710 declaratur.
637 1671 783 1709 Deinde
820 1674 867 1709 ab
903 1686 946 1708 eo
982 1673 1214 1723 magistratu,
1250 1675 1362 1712 alium

118 1733 205 1777 post
241 1727 353 1763 alium
390 1727 461 1764 sibi
497 1727 665 1776 peperit:
713 1739 931 1776 semperque
963 1727 1002 1761 in
1038 1729 1286 1775 potestatibus
1317 1743 1360 1765 eo

119 1782 231 1819 modo
251 1781 429 1831 agitabat,
456 1786 497 1817 ut
524 1780 716 1831 ampliore,
747 1778 861 1828 quum
889 1780 1055 1828 gerebat,
1085 1781 1222 1831 dignus
1250 1782 1362 1819 habe-

117 1842 231 1872 retur.
304 1834 448 1871 Tamen
474 1834 506 1870 is
536 1834 583 1870 ad
612 1834 650 1869 id
680 1833 861 1876 locorum,
892 1832 975 1869 talis
1004 1834 1071 1877 vir,
1101 1837 1200 1883 (nam
1229 1835 1358 1884 postea

118 1889 318 1925 ambitione
350 1900 517 1937 praeceps
548 1887 656 1924 datus
688 1888 778 1933 est,)
814 1886 1044 1923 consulatum
1078 1894 1252 1937 appetere
1284 1902 1359 1925 non

116 1943 290 1978 audebat.
357 1941 479 1978 Etiam
513 1946 593 1977 tum
625 1940 715 1976 alios
749 1940 987 1990 magistratus
1019 1940 1162 1990 plebes,
1191 1942 1360 1978 consula-

115 2002 195 2032 tum
220 1995 393 2031 nobilitas
419 1995 516 2031 inter
535 2008 572 2030 se
594 2008 660 2042 per
688 2007 818 2030 manus
850 1993 1032 2030 tradebat.
1085 1995 1217 2031 Novus
1248 2009 1356 2032 nemo

114 2056 190 2086 tam
220 2051 357 2093 clarus,
381 2061 501 2097 neque
531 2052 606 2083 tam
636 2049 825 2097 egregius,
858 2047 965 2083 tactis
998 2052 1088 2093 erat,
1118 2048 1207 2097 quin
1242 2048 1274 2084 is
1306 2049 1358 2085 in-

115 2103 253 2152 dignus
281 2101 344 2137 illo
374 2101 526 2146 honore,
555 2106 591 2137 et
621 2100 728 2150 quasi
760 2100 922 2149 pollutus
955 2100 1161 2137 haberetur.
1226 2100 1355 2151 Igitur,

114 2156 181 2192 ubi
212 2154 357 2191 Marius
385 2154 593 2202 haruspicis
626 2154 723 2190 dicta
751 2154 885 2191 eodem
917 2154 1103 2191 intendere
1132 2154 1247 2200 videt,
1278 2155 1355 2205 quo

113 2209 251 2259 cupido
288 2207 400 2244 animi
444 2208 684 2253 hortabatur,
730 2208 776 2243 ab
814 2207 985 2251 Metello,
1029 2208 1186 2255 petundi
1222 2209 1354 2259 gratia,

111 2265 325 2300 missionem
361 2267 489 2310 rogat3
529 2261 588 2297 eui
625 2258 850 2311 quamquam
893 2261 1021 2302 virtus,
1066 2260 1196 2310 gloria,
1243 2268 1353 2312 atque

111 2317 182 2354 alia
217 2315 381 2365 optanda
419 2314 524 2351 bonis
562 2314 799 2363 superabant,
837 2324 958 2351 tamen
993 2313 1111 2350 inerat
1148 2321 1354 2353 contemtor
