1492 2531
430 385 473 426 C.
507 385 815 427 SALLUSTII
841 384 1038 424 CRISPI

333 553 1132 623 FRAGMENTA

384 752 739 790 INCERTORUM
767 749 1059 788 LIBRORUM.

116 1062 235 1142 NE
251 1063 472 1101 inrumiendi
495 1077 545 1113 po
549 1092 1335 1105 ...............................

230 1117 437 1155 sublicibus
458 1122 587 1155 cavata
590 1145 1334 1157 .............................

116 1178 209 1210 sent.
267 1171 409 1208 Festus.

167 1226 285 1276 Cujus
314 1224 408 1262 duas
435 1226 576 1264 insulas
606 1225 835 1276 propinquas
863 1225 959 1262 inter
983 1239 1036 1271 se,
1065 1230 1103 1262 et
1121 1224 1250 1262 decem
1271 1229 1345 1260 sta-

113 1280 215 1316 difim
244 1277 376 1328 procul
406 1279 430 1316 εὶ
459 1281 630 1317 Gadibus
664 1279 766 1324 sitas,
802 1279 996 1315 constabat
1027 1284 1163 1329 suopte
1193 1277 1343 1327 ingenio

112 1333 288 1369 alimenta
305 1333 524 1371 mortalibus
543 1333 712 1384 gignere.
768 1329 932 1369 Nonius.

167 1386 299 1423 Serum
325 1384 466 1424 bellum
493 1387 531 1423 in
559 1386 742 1437 angustiis
770 1385 948 1422 futurum.
1002 1383 1139 1422 Junius
1157 1382 1344 1434 Philarg.

115 1439 166 1476 ad
185 1438 326 1488 Georg.
354 1437 526 1489 Virgilii.

165 1492 227 1529 Illi
255 1491 363 1528 tertio
392 1507 519 1531 mense
550 1491 754 1543 pervenssre
786 1492 822 1528 in
858 1490 1019 1529 Pontum
1048 1488 1166 1529 mult&
1186 1489 1343 1527 celerias

116 1560 182 1595 spe
201 1545 441 1583 Mithridatis.
497 1546 726 1584 Arusianus.

165 1598 268 1648 Ergo
288 1600 406 1636 senati
425 1600 575 1637 decreto
595 1598 882 1637 serviundumne
901 1598 959 1635 sit.
1014 1597 1205 1640 Donatus,
1226 1600 1298 1632 act.
1309 1596 1344 1631 ii.

115 1667 166 1689 sc.
185 1652 222 1688 2.

167 1703 374 1754 Pompeius
404 1706 476 1742 oris
503 1705 676 1756 improbi,
707 1705 903 1754 animoque
922 1704 1185 1742 inverecundo.
1238 1703 1343 1742 Suet.

116 1758 157 1794 de
177 1758 293 1795 claras
309 1758 443 1795 Gram.
466 1773 494 1796 c.
513 1760 586 1797 xiv.

168 1811 354 1849 Simulans
391 1812 463 1849 sibi
497 1812 622 1850 alvum
657 1812 822 1861 purgari.
877 1810 1059 1854 Isidorus,
1090 1811 1113 1848 l.
1133 1811 1181 1849 xi.
1204 1810 1244 1847 in
1261 1824 1344 1848 voce

115 1863 248 1901 Alvus.
303 1864 408 1903 Serv.
430 1865 481 1902 ad
498 1866 520 1902 l.
534 1866 584 1902 iii.
611 1865 807 1902 AEneidos.

166 1918 270 1955 Fecit
287 1924 328 1955 ut
345 1919 490 1956 nunciis
511 1918 707 1956 confestim
728 1918 966 1967 lugubribus.
1025 1917 1211 1966 Carisius,
1231 1919 1294 1957 lib.
1308 1921 1344 1957 ii.

168 1972 412 2008 Communem
430 1972 599 2009 habitum
617 1978 888 2021 transgressus.
941 1971 1183 2019 Priscianus,
1202 1973 1224 2010 l.
1243 1974 1316 2011 xiv.

165 2024 267 2061 Inter
303 2038 405 2061 arma
441 2025 563 2062 civilia
599 2025 697 2074 aequi
735 2026 819 2062 boni
857 2026 991 2062 famam
1027 2026 1132 2075 petit.
1187 2026 1343 2067 Seneca,

112 2076 174 2114 lib.
196 2091 257 2114 xx.
285 2077 409 2126 Epist.
429 2093 510 2115 cxv.

166 2130 280 2167 Haud
309 2131 482 2181 impigra,
518 2145 639 2181 neque
674 2130 816 2168 inultus
853 2131 1046 2169 occiditur.
1119 2131 1259 2169 Donat.
1298 2136 1346 2170 ad

113 2182 211 2220 And.
234 2183 317 2220 Ter.
333 2189 404 2221 act.
417 2185 441 2221 i.
461 2198 509 2221 se.
524 2185 560 2221 2.

164 2237 441 2275 Festinantibus
479 2238 516 2274 in
551 2237 697 2275 summ&
733 2238 857 2288 inopia
893 2239 1072 2288 patribus.
1146 2237 1259 2285 Idem,
1295 2240 1346 2276 ad

115 2289 283 2328 Eunuch.
303 2294 373 2328 act.
388 2291 436 2329 iv.
456 2304 506 2330 sc.
524 2291 560 2332 3.
