1492 2531
162 138 213 176 20
666 139 938 178 SALLUSTII

164 245 236 282 turi
273 248 410 289 essent,
446 243 536 280 dum*
561 256 603 280 ea
627 255 685 280 res
721 245 904 282 civitatem
941 257 1010 281 aere
1047 244 1167 281 alieno
1204 243 1386 284 liberaret.

164 297 233 335 Ille
254 311 316 334 eos
335 298 370 333 in
392 297 540 334 domum
569 297 616 333 D.
648 298 754 335 Bruti
785 298 975 347 perducit3
1004 295 1102 346 quod
1127 299 1206 335 soro
1237 301 1385 349 propin-

164 364 239 402 qua
276 355 367 396 erat,
395 363 515 398 neque
551 350 671 387 aliena
717 351 872 395 consilii,
915 356 1066 400 propter
1108 352 1382 401 Semproniam:

164 418 246 442 nam
274 410 351 440 tum
372 403 510 439 Brutus
543 404 589 439 ab
621 405 741 442 Roma
772 405 911 441 aberat.
965 404 1152 442 Praeterea
1182 405 1384 442 Gabinium

164 458 330 503 arcessit,
363 454 436 505 quo
471 457 581 506 major
613 459 810 495 auctoritas
840 458 998 495 sermoni
1031 460 1189 495 inesset:
1222 472 1266 496 eo
1294 473 1386 508 prae-

166 517 282 553 sente,
314 510 602 559 conjurationem
633 513 774 561 aperit:
815 512 978 548 nominat
1016 511 1151 557 socios,
1197 512 1382 560 praeterea

164 563 302 600 multos
331 564 510 613 cujusque
549 565 694 613 generis
727 564 918 602 innoxios:
962 564 1036 614 quo
1072 565 1206 614 legatis
1239 566 1384 603 animus

164 617 318 665 amplior
351 622 469 653 esset:
500 617 583 653 dein
602 630 678 662 eos,
708 618 892 668 pollicitos
913 632 1062 668 operam
1093 631 1210 663 suam,
1236 618 1385 655 domum

165 670 325 706 dimittit.
378 669 451 706 Sed
478 668 699 720 Allobroges
725 672 784 708 diu
823 671 862 707 in
890 671 1065 709 incertum
1084 670 1260 716 habuere,
1284 672 1386 720 quid-

165 736 249 760 nam
286 723 428 759 consilii
456 729 654 771 caperent:
684 725 720 760 in
750 724 865 761 altera
890 731 993 774 parte
1026 729 1104 762 erat
1131 737 1180 761 aes
1211 723 1385 768 alienum,

165 776 327 813 studium
350 776 450 822 belli,
476 789 611 826 magna
637 790 778 815 merces
810 778 847 814 in
884 791 948 827 spe
979 778 1164 824 victoriae3
1205 783 1242 813 at
1265 778 1303 814 in
1335 777 1387 814 al-

164 830 246 866 tera
276 831 432 881 majores
465 843 571 878 opes,
607 836 685 867 tuta
718 831 884 877 consilia,
918 845 982 881 pro
1011 830 1152 869 incerta
1188 844 1254 880 spe
1287 837 1387 868 certa

164 883 325 932 praemia.
395 884 490 921 Haec
527 883 600 919 illis
635 883 883 927 volventibus,
921 886 1080 922 tamdem
1117 883 1205 921 vicit
1240 884 1386 920 fortuna

165 936 389 985 reipublicae.
446 935 577 985 Itaque
614 937 660 981 Q.
696 938 811 974 Fabio
858 937 1009 988 Sangae,
1039 938 1144 988 cujus
1180 937 1385 986 patrocinio

165 989 293 1026 civitas
339 989 538 1039 plurimum
576 992 762 1036 utebatur,
802 1004 879 1027 rem
925 1005 1083 1035 omnem,
1116 989 1168 1026 nti
1204 1003 1387 1040 cognove-

168 1048 264 1088 rant,
296 1043 474 1093 aperiunt.
531 1042 675 1087 Cicero,
722 1058 789 1092 per
825 1044 985 1094 Sangam
1031 1043 1183 1081 consilio
1223 1044 1387 1093 cognito,

163 1094 298 1145 legatis
333 1096 514 1145 praecipit,
548 1102 589 1133 ut
638 1097 801 1134 studium
850 1098 1109 1149 conjurationis
1152 1095 1389 1133 vehementer

166 1149 360 1188 simulent:
404 1155 557 1186 caeteros
592 1151 739 1195 adeant,
786 1152 882 1187 bene
914 1151 1182 1200 polliceantur3
1223 1150 1386 1199 dentque

166 1215 331 1251 operam,
350 1208 391 1239 ut
426 1216 489 1239 eos
523 1202 634 1251 quam
665 1203 834 1240 maxume
862 1204 1078 1241 manifestos
1100 1203 1269 1240 habeant.
1322 1202 1389 1239 Iis-

167 1255 250 1292 dem
265 1255 341 1292 fere
360 1255 600 1306 temporibus,
628 1257 666 1293 in
693 1256 818 1293 Gallia
843 1257 1034 1303 Citeriore,
1057 1261 1166 1306 atque
1192 1255 1387 1300 Ulteriore,

165 1308 253 1345 item
299 1310 337 1345 in
375 1322 462 1358 agro
512 1309 665 1355 Piceno,
707 1309 865 1356 Bruttio,
909 1310 1060 1359 Apulia,
1109 1314 1230 1346 motus
1275 1314 1389 1346 erant.

169 1361 339 1412 Namque
372 1362 437 1408 illi,
465 1376 557 1412 quos
585 1361 670 1399 ante
694 1362 852 1399 Catilina
880 1363 1078 1406 dimiserat,
1107 1360 1313 1399 inconsulte
1344 1375 1387 1398 ac

167 1414 282 1452 veluti
313 1429 380 1465 per
405 1415 623 1452 dementiam
641 1421 775 1452 cuncta
802 1416 910 1452 simul
929 1430 1061 1466 agere:
1091 1415 1281 1452 nocturnis
1304 1428 1389 1452 con·

167 1468 272 1514 siliis,
305 1482 490 1506 armorum
519 1476 629 1517 atque
657 1469 815 1506 telorum
855 1470 1137 1518 portationibus,
1168 1468 1388 1515 festinando,

167 1523 341 1570 agitando
373 1523 507 1564 omnia,
537 1522 622 1572 plus
652 1522 791 1559 timoris
823 1522 935 1571 quam
977 1522 1133 1572 periculi
1178 1522 1387 1559 effecerant.

167 1575 227 1611 Ex
245 1589 289 1611 eo
308 1589 460 1612 numero
492 1575 700 1624 complures
734 1575 782 1619 Q.
817 1574 996 1613 Metellus
1026 1575 1133 1613 Celer
1164 1579 1314 1624 praetor,
1341 1587 1389 1611 ex

167 1629 278 1665 sociis
315 1629 428 1665 causa
459 1628 620 1679 cognita,
651 1629 687 1665 in
722 1629 872 1666 vincula
901 1630 1127 1679 conjecerat3
1154 1628 1240 1664 item
1271 1627 1308 1663 in
1329 1627 1389 1664 Gi-

167 1682 300 1719 teriore
330 1682 455 1719 Gallia
487 1683 529 1720 C.
550 1683 722 1725 Murena,
745 1683 808 1732 qui
835 1683 869 1719 ei
892 1682 1093 1731 provinciae
1129 1681 1275 1731 legatus
1297 1694 1389 1729 prae-

168 1741 259 1771 erat.
315 1736 367 1772 At
402 1736 534 1773 Romae
577 1735 758 1773 Lentulus
797 1749 881 1772 cum
917 1737 1073 1782 caeteris,
1108 1735 1171 1784 qui
1203 1734 1388 1783 principes

167 1789 428 1839 conjurationis
466 1795 581 1836 erant,
615 1789 766 1838 paratis,
814 1788 868 1825 uti
910 1788 1118 1832 videbatur,
1157 1786 1301 1838 magnis
1330 1800 1390 1824 co-

166 1841 253 1891 piis,
288 1842 540 1886 constituerat,
576 1841 642 1886 uti,
679 1842 763 1879 cum
801 1842 958 1879 Catilina
986 1842 1023 1878 in
1055 1854 1185 1891 agrum
1220 1838 1388 1877 Faesula-

167 1907 257 1930 num
289 1908 372 1932 cum
401 1896 566 1933 exercitu
602 1896 775 1940 venisset,
816 1895 861 1932 L.
895 1895 1022 1932 Bestia
1053 1896 1222 1931 tribunus
1253 1893 1389 1943 plebis,

169 1948 347 1986 concione
376 1948 515 1995 habita,
547 1954 762 1998 quereretur
780 1948 825 1986 de
845 1949 1051 1986 actionibus
1082 1947 1284 1992 Ciceronis,
1314 1946 1390 1983 bel-

166 1999 268 2050 lique
295 2002 513 2051 gravissumi
546 2002 720 2039 invidiam
751 2008 901 2050 optumo
921 2001 1060 2038 consuli
1088 2001 1314 2049 imponeret;
1343 2013 1388 2037 eo

168 2054 274 2103 signo
328 2056 510 2104 proxuma
553 2060 661 2092 nocte
713 2061 845 2092 caetera
892 2054 1090 2092 multitudo
1125 2052 1388 2103 conjurationis

168 2119 278 2143 suum
307 2108 461 2157 quisque
480 2109 668 2158 negotium
697 2113 955 2157 exequeretur.
1008 2108 1084 2144 Sed
1102 2120 1146 2143 ea
1175 2106 1292 2144 divisa
1316 2105 1388 2142 hoc

168 2161 279 2197 modo
309 2162 549 2199 dicebantur:
579 2161 743 2198 Statilius
772 2167 809 2198 et
843 2161 1026 2198 Gabinius
1053 2159 1109 2197 uti
1137 2172 1220 2196 cum
1252 2158 1390 2208 magna.

168 2226 278 2250 manu
298 2215 494 2251 duodecim
527 2214 636 2252 simul
667 2220 874 2263 opportuna
904 2214 988 2251 loca
1013 2214 1112 2250 urbis
1138 2212 1389 2257 incenderent,

170 2265 246 2316 quo
281 2268 440 2304 tumultu
486 2268 627 2304 facilior
663 2268 785 2304 aditus
817 2268 865 2304 ad
912 2266 1101 2304 consulem
1145 2270 1388 2315 caeterosque,

169 2321 306 2368 quibus
337 2321 481 2358 insidiae
528 2321 766 2371 parabantur,
800 2321 925 2357 fieret:
973 2319 1161 2369 Cethegus
1198 2317 1388 2355 Ciceronis

165 2374 319 2424 januam
350 2374 548 2420 obsideret,
579 2386 737 2423 eumque
772 2374 807 2411 vi
836 2374 1119 2425 aggrederetur3
1147 2371 1236 2409 alias
1267 2376 1389 2408 autem
