1492 2531
119 81 192 119 158
555 75 777 115 DECLAM
784 75 911 114 ATIO

116 184 224 220 unius
243 181 355 220 moris
374 182 451 219 vita
469 181 602 218 clarior
621 181 700 218 erit.
739 180 839 217 Nam
858 180 961 218 vivos
980 180 1166 217 interdum
1189 178 1348 225 fortuna,

116 236 218 286 saepe
254 237 404 281 invidia,
438 235 586 284 fatigat:
632 235 697 271 ubi
731 234 853 270 anima
888 239 1029 271 naturae
1065 233 1189 279 cessit,
1218 233 1349 270 demtis

116 290 460 333 obtrectationibus,
491 289 570 337 ipsa
600 301 639 325 se
670 288 786 324 virtus
818 286 936 336 magis
966 286 1160 336 magisque
1194 286 1347 324 extollit.

118 342 215 387 Quae
244 343 331 380 mihi
363 342 467 378 utilia
492 342 593 377 factu
628 340 710 378 visa
745 346 843 385 sunt,
881 354 1040 390 quaeque
1077 340 1145 376 tibi
1180 341 1238 376 usi
1273 340 1351 376 fore

117 397 271 442 credidi,
304 395 417 445 quam
452 394 696 444 paucissumis
731 394 849 454 potui,
882 393 1095 442 perscripsi.
1164 393 1351 430 Caeterum

117 450 206 486 deos
238 427 454 486 i1'nmortalis
485 449 662 494 obtestor,
690 446 759 493 uti,
788 460 1023 496 quocumque
1053 444 1166 482 modo
1185 460 1289 496 ages,
1310 460 1355 483 ea

118 517 176 540 res
195 503 261 540 tibi
279 503 404 552 reique
424 501 585 552 publicae
604 501 783 552 prospere
804 500 960 538 eveniat.

309 966 371 1007 IN
403 965 467 1007 M.
498 964 773 1006 TULLIUM
808 964 1157 1008 CICERONEM

467 1086 1016 1150 DECLAMATIO;

348 1210 499 1263 FALso
525 1227 820 1262 SALLUSTIO
844 1227 1146 1264 ADSCRIPTA.

133 1392 456 1474 GRAVITER
489 1398 526 1429 et
560 1392 687 1442 iniquo
720 1394 841 1429 animo
878 1392 1075 1430 maledicta
1107 1400 1172 1430 tua
1206 1401 1367 1445 paterer,

247 1446 301 1484 M.
333 1446 447 1491 Tulli,
481 1447 512 1482 si
544 1452 580 1482 te
613 1446 744 1482 scirem
767 1446 908 1496 judicio
940 1445 1073 1496 magis,
1106 1447 1217 1496 quam
1235 1451 1366 1487 morbo

131 1501 255 1546 animi,
291 1499 499 1550 petulantia
528 1499 599 1536 ista
634 1499 699 1536 uti.
769 1498 858 1546 Sed,
891 1501 1066 1549 quoniam
1101 1502 1139 1537 in
1174 1508 1209 1539 te
1245 1517 1366 1553 neque

132 1556 281 1592 modum
323 1567 444 1603 neque
491 1553 707 1589 modestiam
753 1553 864 1589 ullam
909 1553 1171 1600 animadverto,
1215 1570 1368 1606 respon-

134 1609 229 1645 debo
265 1608 354 1644 tibi:
403 1605 472 1650 uti,
516 1607 546 1642 si
583 1619 693 1656 quam
739 1606 994 1643 maledicendo
1039 1585 1265 1657 voluptatem
1311 1625 1370 1647 ce—

134 1661 233 1711 pisti,
270 1675 352 1698 eam
384 1660 479 1697 male
508 1660 693 1696 audiendo
724 1660 881 1696 amittas.
943 1660 1019 1697 Ubi
1049 1663 1208 1710 querar?
1275 1677 1369 1713 quos

135 1713 360 1775 implorem?
415 1713 459 1750 P.
480 1712 522 1750 C.
543 1713 652 1762 diripi
671 1712 940 1762 rempublicam
968 1720 1080 1763 atque
1108 1716 1369 1753 audacissumo

137 1770 269 1818 cuique
298 1782 379 1805 esse
417 1766 613 1815 perfidiae‘?
641 1780 688 1802 an
717 1767 819 1816 apud
846 1767 1025 1817 populum
1056 1768 1279 1814 Romanum,
1308 1771 1370 1820 qui

137 1823 188 1858 ita
212 1821 470 1871 largitionibus
498 1826 692 1868 corruptus
723 1826 790 1863 est,
824 1827 865 1856 ut
893 1834 973 1857 sese
1010 1835 1052 1857 ac
1083 1822 1250 1860 fortunas
1285 1837 1369 1860 suas

138 1875 286 1912 venales
321 1874 488 1910 habeat?
517 1887 564 1909 an
595 1874 695 1922 apud
718 1887 796 1918 vos,
818 1873 860 1910 P.
892 1875 950 1919 C.5
980 1888 1138 1923 quorum
1174 1877 1371 1913 auctoritas

139 1928 366 1977 turpissumo
395 1927 528 1976 cuique
548 1932 585 1963 et
604 1926 898 1963 sceleratissumo
926 1927 1086 1965 ludibrio
1112 1930 1198 1967 est?
1226 1930 1290 1966 ubi
1318 1930 1373 1966 M.

141 1981 286 2018 Tullius
321 1980 439 2030 leges,
467 1981 610 2031 judicia
638 1979 766 2029 populi
799 1980 961 2017 Romani
993 1982 1169 2027 defendit,
1197 1988 1306 2032 atque
1334 1984 1372 2019 in

142 2035 211 2072 hoc
243 2035 369 2071 ordine
394 2034 446 2070 ita
477 2034 698 2078 moderatur,
727 2034 833 2082 quasi
851 2048 947 2070 uuus
970 2035 1134 2085 reliquus
1164 2049 1210 2072 ex
1236 2036 1371 2072 familia

143 2088 210 2125 viri
227 2084 444 2124 'clarissumi
464 2086 647 2136 Scipionis
677 2086 858 2132 Africani,
884 2101 927 2124 ac
958 2102 1032 2124 non
1064 2089 1247 2136 reptitius,
1280 2091 1374 2126 acci-

144 2148 218 2186 tus,
237 2155 280 2177 ac
299 2139 410 2190 paulo
436 2139 519 2176 ante
550 2140 680 2177 insitus
712 2140 798 2176 huic
827 2141 910 2177 urbi
937 2142 1040 2179 civis.
1096 2142 1160 2177 An
1186 2156 1288 2186 vero,
1315 2143 1373 2179 M.

145 2195 259 2241 Tulli,
276 2194 371 2230 facta
391 2207 433 2230 ac
462 2194 559 2230 dicta
577 2199 640 2230 tua
668 2194 825 2229 obscura
852 2200 963 2232 sunt
952 2195 968 2222 Ῥ
1021 2208 1068 2231 an
1087 2208 1161 2230 non
1179 2195 1230 2231 ita
1247 2210 1269 2232 a
1287 2210 1376 2245 pue-

146 2247 231 2284 ritia
268 2248 402 2293 vixisti,
437 2245 493 2284 uti
528 2246 618 2283 nihil
665 2247 889 2297 flagitiosum
925 2248 1070 2296 corpori
1104 2253 1168 2284 tuo
1213 2254 1374 2298 putares,

149 2301 250 2351 quod
283 2301 389 2338 alteri
423 2299 682 2339 collibuisset?
752 2300 913 2347 Scilicet,
958 2301 1065 2337 istam
1099 2302 1375 2340 immoderatam
