1492 2531
151 106 224 144 168

148 217 297 258 Bithynia
313 217 332 246 a
348 214 502 246 Romanis
520 213 652 253 direpta,
669 215 741 243 127.

147 260 291 290 Bocchus
321 260 501 289 Maurorum
516 267 582 295 rex,
609 258 660 285 48.
706 257 762 287 Ju-

189 304 306 343 gurthae
336 313 441 342 gener,
469 311 539 332 cum
567 299 675 329 socero
708 299 762 329 ad-

188 347 297 377 versus
331 347 488 376 Romanos
523 343 598 373 belli
634 343 763 372 societa-

189 397 254 420 tem
267 391 337 425 init,
353 391 404 420 83.
448 388 584 426 Legatos
600 386 620 415 a
632 385 763 416 Metello

186 435 311 474 accipit,
321 439 363 468 at,
375 443 407 463 re
417 431 546 464 infecta,
558 428 698 464 dimittit,
709 431 761 461 84.

186 487 256 506 cum
283 475 436 517 jugurtha
466 474 623 503 Romanos
652 482 761 512 aggre-

185 520 278 556 ditur,
309 523 360 550 95.
403 518 495 548 Sullae
529 515 708 555 respondet,
730 522 761 544 et

184 562 320 594 Romam
349 561 447 591 mittit
483 560 628 599 Legatos,
656 558 709 598 qui
742 558 760 587 a

186 607 319 638 Gaetulis
356 603 525 635 latronibus
561 599 688 639 spoliati
719 601 758 630 ad

183 652 302 681 Sullam
330 647 518 688 profugiunt,
550 646 597 675 99.
654 643 759 673 delicti

183 694 314 733 gratiam
330 693 350 722 a
364 689 519 721 Romanis
540 686 669 721 obtinet,
686 689 759 716 100.

183 748 254 767 cum
294 735 381 766 Sulla
419 733 484 773 agit
518 741 572 770 per
600 731 758 760 internun-

181 780 275 815 cium,
294 781 365 809 102.
386 775 574 816 Jugurtham
603 772 757 803 Romanis

181 823 289 860 tradit,
307 824 379 852 104.

138 865 298 896 Bomilcar
328 863 505 894 Massivam
540 871 596 901 per
625 858 757 889 insidias

182 922 222 941 ex
248 908 410 949 Jugurthae
446 903 595 934 mandato
631 911 755 942 aggres-

181 965 232 985 sus
248 953 422 984 obtruncat,
440 950 491 978 58.
513 947 647 977 vadibus
663 945 756 979 datis,

174 997 328 1037 judicium
350 994 440 1033 fugit,
456 993 509 1021 73.
546 996 577 1019 et
609 988 753 1026 aJugur-

180 1041 234 1071 tha
251 1040 285 1068 in
314 1035 499 1067 Numidiam
515 1033 598 1063 clam
626 1031 754 1060 dimitti-

180 1092 240 1119 tur,
258 1084 308 1112 53.
343 1089 413 1110 cum
438 1076 559 1106 Rutilio
574 1079 687 1109 certat,
704 1075 756 1102 68.

181 1128 200 1156 a
239 1123 373 1156 Metello
402 1120 443 1151 ad
469 1119 657 1160 Jugurtham
686 1127 756 1156 pro-

178 1170 315 1200 dendum
349 1164 496 1197 allicitur,
524 1161 606 1203 quod
634 1160 755 1190 efficere

177 1224 233 1253 per
247 1222 281 1242 se
296 1209 413 1240 frustra
427 1210 568 1240 conatus,
584 1206 636 1234 73.
668 1202 753 1233 Nab-

178 1256 298 1286 dalsam
322 1253 380 1282 sibi
396 1249 546 1291 adjungit,
563 1254 593 1277 et
608 1246 757 1277 sollicitat

177 1310 233 1339 per
247 1299 380 1330 litteras,
393 1304 460 1334 quae
476 1294 495 1321 a
512 1290 689 1321 Nabdalsae
699 1289 752 1319 cli-

177 1352 249 1372 ente
279 1340 317 1370 ad
346 1337 535 1377 Jugmtham
564 1333 753 1367 deferuntur,

176 1388 230 1415 78.
273 1385 293 1413 a
322 1379 479 1421 ,Iugurtha
495 1388 565 1408 cum
591 1376 662 1406 aliis
678 1375 754 1405 insi-

177 1429 301 1458 diarum
316 1424 410 1455 sociis
428 1421 622 1453 interficitur,
637 1420 709 1450 ibid.

135 1472 238 1506 Bruti,
253 1470 327 1499 dum
356 1467 393 1496 ab
422 1465 527 1496 Roma
555 1463 674 1499 aberat,
700 1461 752 1490 do-

176 1525 245 1545 mus
274 1517 399 1553 propter
430 1507 645 1547 Semproniam
682 1514 753 1533 con-

170 1554 339 1598 jurationis
355 1552 549 1583 Catilinariae
560 1559 622 1579 non
638 1547 753 1581 aliena,

176 1605 227 1631 ²20.

134 1742 240 1771 Caesar
268 1737 426 1768 Catulum,
454 1742 546 1773 quem
573 1729 604 1759 in
631 1729 755 1769 pontifi-

175 1781 263 1813 catus
290 1779 438 1820 petitione
461 1776 592 1810 vicerat,
609 1779 641 1802 et
664 1772 753 1801 Piso-

174 1836 257 1860 nem,
274 1833 365 1864 quem
391 1817 634 1860 repetundarum
663 1825 753 1845 accu-

175 1874 312 1901 saverat,
340 1864 483 1894 inimicos
508 1859 635 1894 habuit3
661 1866 693 1888 et
707 1864 752 1887 ta-

174 1922 247 1941 men
283 1909 468 1940 Ciceronem
496 1909 624 1943 uterque
653 1911 753 1941 neque

172 1953 317 1994 precibus
352 1961 410 1981 nee
443 1947 549 1989 precio
591 1945 753 1985 impellere

173 1998 349 2038 quiverunt,
400 1998 435 2022 ut
477 1993 559 2021 inter
613 1987 751 2029 conjura-

174 2047 222 2070 tos
247 2037 327 2068 falso
358 2035 581 2066 nominaretur,
614 2034 664 2061 ‘2:3.
723 2031 752 2060 ei

173 2082 315 2113 Statilius
347 2078 480 2109 traditur
518 2074 751 2112 custodiendus,

173 2129 225 2156 02‘2.
267 2135 305 2154 ex
340 2127 450 2152 senatu
481 2117 655 2160 egredienti
678 2127 752 2147 non-

174 2168 252 2199 nulli
280 2167 401 2206 equites
430 2164 535 2203 gladio
557 2160 751 2195 minitantur,

175 2215 225 2242 24.
262 2210 328 2250 ejus
353 2208 453 2238 oratio
479 2212 512 2236 et
535 2204 691 2235 sententia
714 2203 752 2233 de

174 2253 353 2294 conjuratis,
369 2252 419 2281 525.
444 2259 514 2279 cum
533 2248 654 2278 Catone
669 2256 752 2276 com-

173 2302 310 2336 paratur,
337 2297 389 2325 31.
428 2293 493 2333 ejus
512 2290 632 2325 laudes,
652 2291 753 2320 14¹)—

174 2342 245 2370 149.

722 119 852 144 INDEX.

793 213 871 244 Cale
888 214 998 246 civitas
1011 215 1043 245 in
1065 215 1220 246 Flaminia
1247 222 1278 247 et
1292 216 1410 254 Gauii«,

835 259 908 288 141.

793 299 985 340 Capitolium
1003 301 1175 336 incensum,
1193 304 1244 332 22.

794 341 900 382 Capsa
944 344 1103 384 oppidum,
1143 345 1229 385 cujus
1270 346 1412 376 conditor

835 385 987 433 Hercules
1011 387 1117 429 Libys,
1155 390 1205 418 90,
1264 389 1283 418 ὲ.
1305 389 1410 419 Mario

832 439 972 465 incensa,
989 433 1041 461 91.
1113 434 1118 438 ’

793 469 911 510 Capuae
937 472 1162 512 distribuuntur
1184 473 1314 506 familiae
1345 476 1408 515 gla.

834 514 984 549 diatoriae,
1001 519 1050 549 15.

792 556 947 599 Carthago
975 558 1100 599 imperii
1126 558 1263 589 Romani
1286 561 1408 594 aernula,

832 602 863 629 5.
929 601 1207 643 Carthaginienses
1255 603 1409 643 pleraeque

835 643 946 675 Africae
961 645 1191 686 imperitabant,
1209 647 1260 675 82.

792 684 920 734 Cassius
934 696 1047 728 praetor
1069 688 1109 719 ad
1130 688 1318 728 ‚Iugurtham
1338 688 1410 717 mit-

831 734 916 766 tunt,
931 734 984 762 57.

789 769 1022 812 Catabathmos,
1040 778 1091 805 47.

790 813 961 848 CATILINAE
991 829 1088 859 genus
1113 823 1144 848 et
1166 812 1277 852 mores,
1295 819 1326 848 3.
1361 827 1410 846 so-

831 860 883 896 cii,
901 868 932 892 et
945 862 1065 902 flagitia
1093 872 1163 892 cum
1180 860 1300 901 virgine
1330 859 1408 889 Ves-

831 909 880 939 tae,
905 908 933 935 7.
987 915 1063 935 uxor
1091 904 1222 934 Aurelia
1247 902 1408 937 Orestilla,

830 949 898 978 ibid.
940 947 1110 989 conjuratio
1125 947 1219 987 prior,
1229 945 1309 986 quod
1320 956 1408 986 repe-

831 992 997 1021 tundarum
1026 1002 1096 1021 reus
1125 991 1318 1020 consulatum
1354 997 1410 1028 pe-

831 1039 896 1064 tere
925 1034 1151 1074 prohiberetur,
1174 1035 1203 1064 9.
1241 1032 1340 1062 oratio
1369 1031 1410 1060 ad

830 1077 1016 1118 conjuratos,
1042 1080 1094 1107 10.
1142 1074 1282 1107 Catilina
1325 1084 1410 1104 arma

830 1130 886 1160 per
909 1121 1036 1151 Italiam
1051 1125 1152 1160 parat,
1166 1121 1217 1149 1⁶2.
1252 1117 1408 1151 mulieres,

831 1164 862 1192 in
878 1163 988 1205 quibus
1012 1162 1207 1202 Sempronia,
1223 1161 1282 1191 sibi
1298 1159 1410 1200 adjun-

831 1207 887 1246 git,
901 1208 970 1237 ibid.
1002 1205 1147 1238 Ciceroni
1161 1204 1304 1236 insidias.
1326 1203 1410 1233 urbis

830 1250 977 1281 incendia
990 1250 1128 1285 molitur,
1145 1249 1201 1279 sed
1216 1247 1342 1281 frustra,
1359 1248 1410 1276 13.

831 1294 959 1323 Plautia
975 1294 1043 1334 lege
1069 1293 1276 1331 iuterrogatus
1294 1291 1326 1320 in
1355 1290 1409 1319 Se-

828 1342 938 1367 natum
962 1337 1058 1371 venit,
1089 1336 1141 1365 15.
1175 1333 1321 1365 Ciceroni
1342 1343 1410 1362 ma-

829 1381 958 1417 ledicit3
993 1380 1077 1420 apud
1092 1379 1127 1410 C.
1162 1376 1350 1408 Flaminium
1376 1377 1409 1405 in

830 1434 905 1464 agro
938 1424 1071 1454 Reatino
1091 1423 1158 1452 dies
1185 1430 1298 1460 paucos
1324 1429 1409 1449 com-

829 1473 981 1505 moratus,
1016 1468 1050 1497 in
1093 1465 1259 1495 Manliana
1302 1470 1409 1492 castra

829 1510 1045 1550 proficiscitur,
1069 1511 1121 1538 17.
1169 1507 1345 1536 Massiliam
1377 1507 1409 1535 in

830 1555 958 1584 exilium
985 1553 1032 1583 ire
1061 1551 1198 1585 simulat,
1224 1548 1295 1579 cum
1323 1549 1409 1578 aliud

829 1608 883 1637 per
898 1598 1021 1626 litteras
1036 1594 1076 1625 ad
1092 1594 1131 1631 Q.
1149 1593 1296 1624 Catulum
1312 1591 1408 1630 scrip-

828 1641 915 1678 serit,
933 1642 983 1674 16,
1001 1641 1051 1669 17.
1073 1637 1198 1677 imperii
1210 1635 1344 1675 insignia
1358 1645 1408 1664 as-

829 1685 932 1718 sumit,
947 1685 998 1712 17.
1023 1681 1167 1712 Catilinae
1181 1681 1308 1718 incepta
1322 1676 1410 1717 plebs

828 1727 950 1767 probat,
965 1728 1018 1756 18.
1049 1722 1175 1761 deinde,
1199 1720 1408 1761 conjuratione

829 1770 997 1810 patefacta,
1014 1766 1146 1798 consilia
1167 1771 1339 1798 execratur,
1357 1765 1409 1792 23.

829 1813 984 1843 exercitus
1018 1814 1163 1851 quantuS,
1189 1810 1241 1838 52.
1283 1806 1408 1836 servitia

829 1856 984 1896 repudiat,
998 1855 1069 1884 ibid.
1091 1853 1186 1881 verba
1199 1849 1276 1881 facit
1294 1848 1334 1878 ad
1348 1849 1406 1877 nii-

827 1900 911 1935 lites‚
925 1901 977 1931 33.
994 1898 1095 1928 aciem
1108 1894 1306 1931 instruit‚34.
1322 1891 1408 1920 forti-

827 1944 874 1973 ter
889 1951 1030 1983 pugnans
1042 1938 1227 1972 confoditur,
1240 1937 1291 1966 35.

786 1987 915 2020 Catonis
938 1985 1037 2016 oratio
1052 1987 1085 2013 et
1108 1979 1263 2011 sententia
1278 1977 1317 2006 de
1333 1987 1406 2006 con-

823 2030 946 2073 juratis,
985 2031 1036 2059 ⁶28.
1092 2026 1112 2055 a
1134 2028 1243 2054 senatu
1266 2029 1406 2059 compor-

828 2076 924 2107 batur,
941 2074 991 2102 30.
1013 2075 1126 2101 natura
1139 2073 1171 2097 et
1185 2074 1297 2098 mores,
1313 2065 1366 2093 51.

785 2117 916 2149 Catulus
932 2114 1053 2145 Caesari
1062 2111 1212 2144 infensus,
1230 2111 1281 2138 24.
1306 2106 1324 2134 a
1342 2105 1403 2135 Ca-

828 2160 918 2191 tilina
932 2158 1053 2188 litteras
1067 2153 1190 2193 accipit,
1208 2154 1260 2180 17.

786 2203 939 2245 Ceparius
955 2211 993 2231 ex
1007 2199 1082 2230 urbe
1095 2195 1240 2238 profugit,
1256 2196 1307 2224 9⁴2.

788 2248 946 2286 Cethegus
989 2249 1096 2283 captus
1142 2238 1269 2268 familiae
1312 2241 1405 2275 atque

829 2291 1007 2320 libertorum
1022 2293 1113 2324 opem
1128 2282 1286 2322 implorat,
1301 2281 1352 2308 24.

789 2333 958 2365 Char-aeter
981 2328 1138 2362 Catilinae,
1163 2326 1194 2356 3.
1239 2324 1279 2359 Q.
1308 2320 1406 2357 Curii,
