1492 2531
395 105 614 146 BELLUM
645 105 1051 147 JUGURTHINUM.
1294 110 1342 148 37

100 212 326 265 juscemodi,
348 209 453 249 brevi
486 210 724 256 dilabuntur;
761 216 798 248 at
825 211 964 260 ingenii
987 212 1137 262 egregia
1168 214 1344 262 facinora,

106 267 215 304 sicuti
260 266 394 309 anima,
439 264 658 301 immortalia
698 270 796 301 sunt.
852 264 1062 309 Postremo,
1102 268 1267 316 corporis
1308 276 1344 307 et

107 321 264 357 fortunae
298 320 495 364 bonorum,
540 316 596 354 uti
633 317 792 362 initium,
829 318 883 355 sic
918 319 1001 355 finis
1037 325 1115 365 est3
1146 322 1344 372 omniaque

108 379 188 410 orta
216 372 402 417 occidunt,
432 376 468 408 et
498 376 608 407 aucta
639 377 848 408 senescunt.
903 372 1061 409 Animus
1092 373 1345 425 incorruptus,

108 432 283 472 aeternus,
309 431 430 462 rector
454 424 603 461 humani
631 425 792 474 generis,
822 424 899 474 agit
922 431 1031 474 atque
1056 426 1169 464 habet
1197 435 1346 475 cuncta,

106 492 228 528 neque
256 479 337 528 ipse
370 479 535 515 habetur.
593 476 681 521 Quo
714 476 834 528 magis
867 479 1032 527 pravitas
1070 493 1196 518 eorum
1230 483 1345 519 adrni-

107 533 223 569 randa
251 538 322 577 est,
354 532 432 582 qui,
451 531 562 568 dediti
591 531 755 580 corporis
788 531 950 581 gaudiiS,
977 546 1045 581 per
1073 533 1201 571 luxum
1230 541 1344 586 atque

106 585 293 635 ignaviam
322 591 468 622 aetatem
498 589 634 633 agunt:
674 585 849 621 caeterum
880 585 1084 635 ingenium,
1112 601 1186 636 quo
1221 602 1344 640 neque

108 638 254 682 melius,
283 653 404 689 neque
429 637 587 686 amplius
614 637 715 674 aliud
744 638 782 674 in
810 639 943 674 natura.
968 640 1178 678 mortalium
1197 648 1267 687 est,
1294 643 1346 680 in-

109 691 212 729 cultu
243 697 352 741 atque
385 691 556 728 socordia
586 696 798 740 torpescere
827 692 974 729 sinunt:
1015 693 1100 729 cum
1138 697 1344 744 praesertim

108 750 184 782 tam
221 745 347 782 multae
391 745 575 794 variaeque
616 744 690 781 sint
727 750 824 781 artes
862 745 986 789 animi,
1027 747 1162 795 quibus
1202 763 1345 786 summa

109 797 288 835 claritudo
318 804 478 848 paratur.
531 797 673 835 Verum
703 811 749 834 ex
769 797 825 834 his
854 799 1092 848 magistratus
1112 808 1147 838 et
1176 802 1346 852 imperia,

108 850 299 900 postremo
336 852 453 888 omnis
490 865 578 888 cura
613 865 736 887 rerum
771 851 1021 900 publicarum,
1056 854 1220 892 minume
1256 858 1345 894 mihi

110 905 180 941 hac
208 911 428 955 tempestate
465 905 653 954 cupiunda
687 905 882 950 videntur3
912 906 1088 955 quoniam
1124 922 1246 959 neque
1275 911 1347 948 vir-

109 958 181 995 tuti
215 959 332 996 honos
368 958 499 1005 datur3
527 971 646 1007 neque
680 957 749 1003 illi,
795 959 933 1008 quibus
975 973 1040 1008 per
1076 960 1242 1001 fraudem
1283 966 1347 1015 Jus

109 1011 191 1056 fuit,
221 1012 291 1048 tuti
317 1018 381 1048 aut
412 1010 457 1048 εὸ
494 1010 614 1062 magis
645 1011 790 1048 honesti
824 1018 920 1048 sunt.
988 1012 1087 1050 Nam
1123 1016 1160 1052 vi
1196 1018 1346 1067 quidem

111 1078 240 1114 regere
272 1066 442 1114 patriam,
476 1071 539 1101 aut
583 1070 769 1114 parentes,
804 1078 1030 1115 quamquam
1067 1073 1104 1104 et
1139 1071 1274 1118 possis,
1311 1078 1349 1109 et

111 1118 246 1155 delicta
286 1119 462 1168 corrigas,
503 1124 625 1154 tamen
662 1118 914 1166 importunum
943 1125 1024 1166 est3
1069 1121 1153 1158 cum
1192 1137 1349 1172 praeser-

112 1171 176 1207 tim
221 1185 348 1208 omnes
395 1185 513 1208 rerum
561 1171 783 1207 mutationes
830 1172 983 1217 caedem,
1027 1174 1155 1223 sugam
1200 1177 1347 1229 aliaque

112 1224 262 1261 hostilia
302 1225 535 1274 portendant.
599 1223 753 1260 Frustra
788 1232 910 1262 autem
949 1226 1029 1271 niti,
1068 1241 1189 1278 neque
1233 1232 1348 1279 aliud,

113 1291 154 1314 se
196 1278 403 1327 fatigando,
444 1278 514 1314 nisi
542 1279 665 1314 odium
704 1291 885 1326 quaerere,
929 1285 1105 1317 extrenlae
1151 1283 1347 1323 dementiae

114 1336 191 1367 est:
222 1331 292 1367 nisi
312 1329 404 1368 forte
433 1344 543 1380 quem
572 1330 763 1367 inhonesta
785 1337 821 1367 et
843 1332 1053 1381 perniciosa
1082 1334 1212 1374 lubido
1245 1345 1349 1378 tenet

113 1384 290 1433 potentiae
319 1398 524 1434 paucorum
553 1385 666 1420 decus
699 1391 810 1434 atque
839 1384 1045 1423 libertatem
1071 1402 1177 1425 suam
1207 1394 1345 1441 gratifi-

114 1438 200 1474 cari.
260 1438 444 1474 Caeterum
481 1451 527 1474 ex
557 1437 638 1474 aliis
674 1438 845 1485 negotiis,
886 1451 970 1488 quae
1001 1441 1148 1490 ingenio
1180 1458 1353 1485 exercen-

114 1496 188 1537 tur,
214 1491 250 1527 in
270 1491 398 1539 primis
423 1505 558 1541 magno
588 1491 674 1527 usui
700 1497 756 1527 est
783 1493 961 1529 memoria
988 1507 1110 1531 rerum
1139 1505 1350 1546 gestarum:

116 1544 219 1594 cujus
249 1545 293 1581 de
319 1545 451 1582 virtute
481 1545 569 1594 quia
596 1544 701 1581 multi
732 1544 874 1588 dixere,
906 1550 1202 1594 praetereundum
1230 1560 1350 1602 puto3

116 1597 238 1643 simul,
263 1596 311 1634 ne
340 1612 408 1646 per
433 1597 664 1634 insolentiam
686 1600 769 1647 quis
794 1599 993 1637 existumet
1011 1610 1158 1648 memet,
1188 1608 1353 1646 studium

117 1664 241 1687 meum
270 1650 472 1697 laudando,
503 1651 691 1688 extollere.
746 1651 871 1700 Atque
899 1666 968 1700 ego
998 1655 1109 1692 credo
1146 1658 1238 1705 fore,
1275 1663 1352 1711 qui,

118 1704 206 1752 quia
224 1704 372 1741 decrevi
403 1704 532 1754 procul
561 1703 584 1740 ἐι
612 1705 806 1753 republica
829 1712 973 1742 aetatem
994 1721 1120 1757 agere,
1139 1717 1241 1749 tanto
1261 1720 1354 1752 tam-

119 1770 192 1806 que
229 1757 309 1793 utili
343 1758 459 1795 labori
502 1771 585 1794 meo
627 1771 762 1795 nomen
796 1759 937 1795 inertiae
976 1761 1195 1810 imponant3
1238 1768 1352 1814 certe,

119 1811 255 1859 quibus
295 1824 470 1847 maxuma
505 1811 686 1847 industria
716 1811 874 1857 videtur,
920 1812 1080 1851 salutare
1117 1817 1278 1865 plebem,
1317 1829 1354 1860 et

118 1864 296 1901 conviviis
336 1865 491 1913 gratiam
527 1878 713 1913 quaerere:
751 1865 815 1913 qui
850 1866 880 1901 si
913 1870 1176 1915 reputaverint,
1211 1879 1248 1910 et
1276 1877 1356 1925 qui-

118 1918 190 1954 bus
221 1931 291 1966 ego
317 1918 546 1966 temporibus
575 1918 831 1966 magistratum
856 1919 1013 1968 adeptus
1043 1935 1138 1969 sum,
1164 1931 1199 1961 et
1227 1929 1354 1977 quales

119 1970 187 2007 viri
221 1971 321 2007 idem
365 1972 512 2020 assequi
554 1972 808 2020 nequiverint3
849 1978 886 2009 et
918 1973 1062 2021 postea,
1100 1990 1182 2027 quae
1220 1994 1357 2030 genera

120 2024 307 2060 hominum
349 2024 386 2060 in
428 2032 597 2061 senatum
640 2026 898 2073 pervenerint3
944 2028 1113 2074 profecto
1159 2033 1357 2073 existuma-

119 2078 227 2123 bunt,
263 2092 320 2114 me
356 2077 477 2127 magis
510 2078 652 2123 merito,
688 2077 801 2127 quarn
836 2079 997 2126 ignavia,
1028 2082 1210 2130 judicium
1245 2090 1358 2126 animi

121 2131 191 2167 mei
213 2132 434 2175 mutavisse3
464 2132 655 2181 majusque
685 2132 919 2168 commodum
953 2146 999 2169 ex
1024 2136 1097 2171 otio
1127 2152 1223 2186 meo,
1243 2142 1357 2190 quam

123 2196 169 2219 ex
197 2183 352 2220 aliorum
388 2185 562 2234 negotiis,
599 2184 812 2233 reipublicae
849 2191 1057 2224 venturum.
1114 2191 1211 2228 Nam
1251 2196 1355 2245 saepb

124 2237 260 2283 audivi,
297 2238 343 2281 Q.
379 2237 599 2281 Maximum,
637 2237 681 2275 P.
716 2237 944 2288 Scipionem,
982 2244 1160 2288 praetereit
1197 2247 1357 2286 civitatis

124 2296 258 2326 nostrae
293 2291 491 2340 praeclaros
528 2291 640 2335 viros,
676 2291 804 2328 solitos
846 2292 896 2328 ita
933 2292 1079 2342 dicere,
1126 2298 1209 2335 cum
1247 2304 1358 2352 majo-

125 2343 206 2380 rum
241 2344 421 2394 imagines
451 2345 695 2391 intuerentur,
734 2345 1055 2385 vehementissime}
1091 2351 1161 2388 sibi
1193 2355 1357 2393 animum
