1492 2531
128 37 179 74 64
549 38 830 77 SALLUSTII

124 146 249 179 menta
279 142 436 192 ignaviae
465 143 673 190 sustulisse,
699 143 746 180 ne
780 143 977 194 quisquam
995 143 1032 179 in
1062 142 1191 180 castris
1211 155 1366 191 panem,

124 201 188 232 aut
223 209 335 246 quem
369 197 481 233 alium
518 197 642 233 cibum
679 203 842 242 coctum,
878 196 1078 239 venderet;
1109 195 1157 232 ne
1186 196 1272 232 lixae
1302 209 1366 232 ex-

124 249 280 286 ercitum
309 256 574 299 sequerentur3
603 248 651 287 ne
678 251 785 287 miles
818 251 1011 300 gregarius
1043 250 1080 286 in
1109 249 1238 286 castris
1269 247 1364 286 neve

123 302 160 338 in
192 303 340 352 agmine
378 317 525 340 servum
562 310 626 339 aut
654 305 862 353 jumentum
897 305 1070 340 haberet:
1111 302 1254 339 caeteris
1288 307 1364 338 arte

124 356 277 392 modum
315 357 505 393 statuisse.
561 356 759 401 Praeterea,
793 357 1016 393 transvorsis
1051 357 1245 393 itineribus
1275 368 1365 404 quo-

123 407 211 445 tidie
246 414 367 445 castra
396 422 565 446 movere:
607 409 729 460 juxta,
764 424 806 446 ac
843 411 875 446 si
892 410 1016 446 hostes
1045 410 1230 453 adessent,
1264 408 1363 445 vallo

122 472 232 511 atque
252 462 352 498 fossa
387 463 551 508 munire3
598 463 745 512 vigilias
778 465 927 500 crebras
960 476 1112 511 ponere,
1137 468 1173 500 et
1200 476 1263 499 eas
1281 462 1364 511 ipse

122 529 205 551 cum
238 514 371 563 legatis
403 516 581 560 circuire3
626 517 714 553 item
746 517 784 553 in
816 517 975 565 agmine,
1012 516 1050 552 in
1082 516 1208 565 primis
1238 513 1363 560 modo,

121 566 233 604 modo
265 570 302 604 in
333 570 544 616 postremis,
571 569 673 618 saepe
706 571 743 605 in
776 570 913 615 medio,
932 570 1079 613 adesse,
1098 568 1144 605 ne
1164 568 1362 618 quisquam

122 622 250 657 ordine
271 623 535 670 egrederetur3
568 622 637 668 uti,
666 623 750 659 cum
769 623 885 672 signis
904 623 1115 673 frequentes
1136 621 1363 665 incederent,

122 674 226 711 miles
263 677 388 711 cibum
414 681 450 712 et
475 689 576 712 arma
607 682 781 725 portaret.
854 676 911 712 Ita
929 675 1160 725 prohibendo
1176 673 1198 710 ὲ
1217 674 1363 710 delictis

120 727 253 776 magis,
287 728 398 777 quam
443 729 680 775 vindicando,
723 729 930 767 exercitum
977 729 1080 766 brevi
1120 727 1361 765 confirmavit.

119 781 270 819 Interea
301 782 498 831 Jugurtha‚
535 783 610 827 ubi,
644 796 728 831 quae
761 783 938 820 Metellus
972 783 1118 830 agebat,
1150 794 1198 818 ex
1217 780 1363 817 nunciis

119 836 264 884 accepit
281 850 289 880 3
318 835 427 871 simul
446 837 489 872 de
503 836 717 873 innocentia
736 838 814 888 ejus
836 837 969 872 certior
988 836 1120 872 Romae
1139 835 1274 876 factus,
1294 833 1363 870 dif-

118 888 229 924 fidere
263 901 340 925 suis
362 890 483 932 rebus,
511 903 553 926 ac
588 898 664 925 tum
689 890 837 926 demum
856 903 979 926 veram
1000 889 1222 925 deditionem
1241 887 1362 923 facere

118 948 273 978 conatus
300 947 369 978 est.
424 942 545 992 Igitur
568 943 711 991 legatos
743 943 791 979 ad
824 942 1016 979 consulem
1053 956 1137 978 cum
1165 939 1360 989 suppliciis

117 995 241 1042 mittit,
286 996 350 1045 qui
390 994 645 1032 tantummodo
685 997 777 1045 ipsis
801 996 1002 1046 liberisque
1033 995 1147 1032 vitam
1179 998 1362 1043 peterent,

117 1047 190 1084 alia
210 1049 333 1085 omnia
366 1049 542 1086 dederent
575 1049 716 1098 populo
754 1050 937 1086 Romano.
996 1046 1249 1085 SedMetello
1281 1047 1362 1096 jam

117 1101 228 1138 antea,
265 1103 528 1150 experimentis
562 1103 755 1151 cognitum
788 1108 878 1145 erat,
899 1115 1017 1153 genus
1036 1101 1287 1137 Numidarum
1306 1101 1361 1135 in-

116 1154 246 1201 fidum,
265 1155 413 1203 ingenio
432 1155 767 1199 n1obili‚novarum
789 1169 909 1192 rerum
937 1155 1086 1191 avidum
1116 1167 1212 1190 esse.
1285 1152 1359 1189 Ita-

117 1221 188 1258 que
208 1208 354 1257 legatos
375 1208 486 1244 alium
507 1210 554 1245 ab
574 1209 645 1245 alio
666 1210 832 1246 diversos
845 1209 1085 1259 aggreditur3
1112 1220 1154 1243 ac
1173 1204 1356 1255 paulatim

116 1263 309 1306 tentando,
343 1268 543 1311 postquam
577 1268 807 1311 opportunos
841 1263 912 1299 sibi
947 1261 1134 1310 cognovit,
1156 1259 1271 1296 multa
1288 1258 1368 1307 pol-

114 1314 262 1351 licendo
291 1315 503 1364 persuadet,
534 1314 587 1351 uti
620 1314 845 1366 Jugurtham
882 1314 1055 1352 maxume
1085 1314 1222 1359 vivum,
1242 1313 1300 1349 sin
1323 1312 1364 1348 id

113 1368 244 1417 parum
264 1369 456 1418 procedat,
475 1375 661 1414 necatum,
682 1370 750 1406 sibi
771 1369 978 1405 traderent:
1024 1367 1203 1404 caeterum
1223 1365 1359 1414 palam,

115 1435 201 1472 quae
215 1435 261 1457 ex
298 1421 487 1458 voluntate
518 1423 655 1467 forent,
683 1422 763 1471 regi
788 1421 956 1458 nunciati
983 1422 1102 1472 jubet.
1157 1419 1256 1456 Dein
1281 1418 1362 1467 ipse

116 1475 247 1524 paucis
282 1475 414 1511 diebus
437 1475 579 1512 intento
614 1483 723 1524 atque
754 1476 889 1512 infesto
909 1475 1070 1511 exercitu
1089 1474 1124 1510 in
1139 1471 1360 1509 Numidiam

116 1529 284 1577 procedit
301 1542 309 1573 ;
338 1528 416 1571 ubi,
437 1534 564 1565 contra
581 1528 673 1565 belli
692 1529 837 1572 faciem,
857 1529 1007 1577 tuguria
1025 1527 1138 1576 plena
1153 1526 1363 1570 hominum,

116 1595 251 1629 pecora
281 1581 517 1632 cultoresque
553 1582 590 1618 in
623 1583 721 1631 agris
751 1587 878 1618 erant:
909 1595 955 1617 ex
986 1580 1134 1630 oppidis
1153 1584 1190 1615 et
1210 1577 1366 1627 mapali-

117 1636 187 1671 bus
225 1635 388 1684 praefecti
417 1636 516 1684 regis
537 1635 683 1672 obviam
702 1635 968 1685 procedebant,
997 1634 1116 1683 parati
1136 1633 1362 1669 frumentum

118 1688 219 1733 dare,
253 1693 500 1725 commeatum
531 1694 693 1738 portare,
725 1686 911 1737 postremo
947 1687 1082 1729 omnia,
1117 1699 1202 1736 quae
1247 1685 1363 1733 impe-

117 1747 297 1787 rarentur,
334 1742 467 1778 facere.
523 1742 660 1792 Neque
696 1741 875 1778 Metellus
895 1741 1032 1777 idcirco
1051 1739 1188 1785 minus,
1207 1738 1272 1774 sed
1293 1751 1357 1786 pa-

117 1794 208 1831 riter
226 1808 269 1830 ac
299 1796 330 1831 si
358 1795 486 1832 hostes
519 1796 706 1840 adessent,
733 1796 879 1832 munito
909 1794 1055 1844 agmine
1083 1793 1270 1837 incedere,
1288 1790 1362 1826 late

117 1847 310 1896 explorare
338 1849 473 1894 omnia,
507 1849 569 1885 illa
605 1849 799 1885 deditionis
847 1849 954 1897 signa
996 1846 1156 1884 ostentui
1201 1844 1362 1887 credere,

117 1907 153 1937 et
202 1901 345 1937 insidiis
397 1902 520 1938 locum
569 1907 706 1939 tenare.
779 1901 910 1951 Itaque
945 1901 1024 1950 ipse
1063 1913 1147 1936 cum
1181 1896 1363 1946 expeditis

109 1954 345 2003 cohortibus,
388 1955 475 1992 item
519 1955 748 1992 funditorum
792 1961 829 1992 et
879 1954 1154 2004 sagittariorum
1214 1950 1363 1987 delecta.

117 2020 242 2052 manu,
278 2008 378 2056 apud
413 2009 553 2056 primos
590 2015 687 2056 erat3
731 2009 769 2044 in
794 2014 980 2058 postremo
1017 2007 1060 2044 C.
1095 2005 1234 2042 Marius
1263 2003 1364 2053 lega-

117 2066 177 2096 tus
215 2074 299 2096 cum
333 2061 520 2111 equitibus
557 2063 736 2106 curabat3
778 2062 814 2098 in
847 2066 1044 2111 utrumque
1081 2059 1178 2095 latus
1214 2056 1357 2107 equites

117 2113 329 2150 auxiliarios
363 2115 520 2151 tribunis
551 2115 740 2164 legionum
776 2121 812 2151 et
845 2114 1032 2163 praefectis
1058 2110 1263 2148 cohortium
1293 2110 1366 2146 dis-

118 2167 342 2216 pertiverat:
391 2166 447 2203 uti
483 2181 567 2204 cum
610 2169 667 2204 his
714 2168 887 2216 permixti
933 2166 1078 2210 velites,
1127 2176 1361 2214 quocumque

119 2221 352 2265 accederent,
387 2221 573 2270 equitatus
599 2222 758 2259 hostium
788 2220 1060 2272 propulsarent.
1114 2218 1214 2255 Nam
1234 2217 1270 2253 in
1291 2216 1358 2252 Ju-

119 2275 257 2323 gurtha
285 2279 409 2311 tantus
431 2273 552 2321 dolus,
590 2280 763 2325 tantaque
797 2276 927 2325 peritia
951 2274 1117 2311 locorum
1148 2278 1184 2308 et
1213 2270 1356 2307 militiae
