1492 2531
471 96 690 134 BELLUM
717 96 741 133 J
742 94 1027 134 UGURTHIN
1030 94 1122 132 UM.
1327 92 1375 130 81

137 201 306 250 putabat.
361 199 460 236 Nam
490 199 577 237 talia
600 199 755 236 consilia
785 213 853 249 per
881 199 995 236 otium
1023 204 1060 235 et
1088 211 1135 235 ex
1165 197 1382 247 opportuni-

136 261 210 291 tate
248 253 328 302 capi
398 253 451 290 At
485 253 678 296 Metellus,
716 253 780 289 ubi
807 253 1014 302 oppidanos
1046 251 1176 301 proelio
1203 251 1378 292 intentos,

139 307 247 344 simul
266 306 442 355 oppidum
476 313 513 343 et
541 307 717 355 operibus
737 311 774 343 et
801 305 882 342 loco
913 307 1107 351 munitum,
1139 305 1254 350 videt,
1284 303 1379 341 vallo

137 358 311 408 fossaque
342 360 479 396 moenia
509 360 762 396 circumvenit.
816 360 912 396 Dein
941 361 1050 409 jubet
1078 358 1170 395 locis
1196 370 1242 395 ex
1269 356 1381 407 copia,

136 411 308 449 maxume
354 413 497 450 idoneis
537 414 663 449 vineas
708 426 842 462 agere;
891 426 1077 462 superque
1115 425 1177 448 eas
1203 425 1380 461 aggerem

129 466 280 514 jacere3
311 472 360 510 et,
392 480 506 516 super
541 479 721 516 aggerem
748 466 932 515 impositis
953 467 1131 509 turribus,
1145 479 1239 513 opus
1259 470 1296 500 et
1319 465 1381 501 ad·

136 519 324 556 ministros
369 525 492 556 tutari.
563 521 702 556 Contra
748 520 831 555 hrec
868 519 1042 568 oppidani
1090 519 1279 563 festinare,
1312 531 1380 566 pa-

136 586 243 618 rare3
272 573 424 621 prorsus
458 574 504 610 ab
535 574 700 622 utrisque
731 573 821 609 nihil
847 572 1028 622 reliquum
1057 572 1148 609 fieri.
1206 571 1380 620 Denique

138 626 314 669 Romani,
339 626 452 662 multo
487 625 572 663 ante
592 626 719 662 labore
749 625 964 675 proeliisque
997 625 1154 674 fatigati,
1184 629 1270 673 post
1300 624 1379 661 dies

137 679 394 728 quadraginta,
427 678 537 728 quam
568 678 612 716 θὸ
643 685 794 716 ventum
826 685 916 724 erat,
946 679 1083 728 oppido
1114 678 1226 715 modo
1247 677 1378 727 potiti:

137 732 266 780 praeda
295 733 411 768 omnis
440 733 462 769 εὶ
486 733 654 782 perfugis
684 738 866 780 corrupta.
923 732 988 777 Hi,
1007 731 1207 781 postquam
1233 744 1382 768 murum

137 785 316 822 arietibus
336 786 448 829 feriri,
476 800 609 835 resque
629 800 716 822 suas
747 786 916 829 afflictas,
943 786 1082 828 vident,
1103 799 1232 821 aurum
1252 797 1381 834 argen-

137 844 305 888 tumque,
342 845 378 876 et
410 839 494 885 alia,
530 853 615 888 quae
654 840 771 889 prima
814 840 1011 884 ducuntur,
1055 840 1205 875 domum
1236 838 1380 887 regiam

138 898 389 941 comportant:
420 893 472 929 ibi
501 893 586 929 vino
621 899 658 929 et
696 892 813 941 epulis
864 894 1018 938 onerati,
1054 892 1206 942 illaque,
1239 896 1277 928 et
1312 891 1380 928 do-

137 959 250 990 mum,
269 953 304 982 et
338 952 454 982 semet
485 946 561 994 igni
584 951 849 994 corrumpuntg
878 952 914 982 et
944 959 1036 994 quas
1068 946 1155 983 victi
1192 945 1238 982 ab
1266 944 1383 981 hosti-

136 999 208 1035 bus
229 1012 357 1047 poenas
387 1005 608 1045 metuerant,
628 1013 690 1036 eas
720 999 793 1048 ipsi
821 999 989 1036 volentes
1019 998 1247 1048 pependere.
1304 998 1383 1035 Sed

137 1052 279 1101 pariter
299 1066 384 1088 cum
414 1051 524 1101 capta
556 1052 676 1089 Thala
704 1052 819 1102 legati
850 1067 896 1089 ex
924 1053 1063 1101 oppido
1090 1052 1200 1101 Lepti
1220 1051 1267 1087 ad
1292 1051 1379 1088 Me-

140 1105 268 1141 tellum
305 1112 497 1151 venerant,
534 1114 695 1148 orantes,
745 1104 797 1142 uti
830 1106 1046 1154 praesidium
1084 1106 1381 1154 praefectumque

139 1156 185 1195 θὸ
216 1159 398 1195 mitteret:
440 1158 687 1195 Hamilcarem
726 1162 924 1208 quendam,
970 1159 1157 1195 hominem
1201 1157 1380 1203 nobilem,

138 1211 348 1257 factiosum,
376 1213 480 1248 novis
516 1213 625 1248 rebus
672 1213 843 1258 studere3
886 1212 1083 1248 advorsum
1115 1225 1225 1262 quem
1259 1225 1380 1260 neque

138 1265 292 1313 imperia
323 1265 618 1314 magistratuum,
645 1279 766 1315 neque
787 1265 905 1315 leges,
931 1266 1115 1302 valerent:
1148 1264 1185 1301 ni
1211 1265 1249 1301 id
1278 1265 1383 1302 festi-

138 1323 256 1364 naret,
281 1319 318 1354 in
355 1332 497 1354 summo
527 1318 695 1368 periculo
725 1333 830 1355 suam
863 1318 1035 1363 salutem,
1066 1318 1213 1355 illorum
1243 1319 1380 1364 socios,

138 1371 227 1408 sore.
284 1371 383 1408 Nam
415 1372 603 1421 Leptitani
629 1375 707 1421 jam
743 1372 830 1408 inde
863 1371 885 1408 a
915 1372 1098 1421 principio
1126 1371 1217 1408 belli
1247 1371 1381 1421 Jugur-

138 1424 231 1461 thini
262 1425 309 1460 ad
338 1425 498 1461 Bestiam
533 1426 737 1470 consulem,
758 1432 793 1462 et
824 1424 958 1475 postea,
988 1426 1160 1469 Romam,
1193 1425 1382 1472 miserant,

138 1477 336 1514 amicitiam
367 1479 654 1528 societatemque
676 1485 854 1529 rogatum.
910 1478 1022 1523 Dein,
1045 1479 1105 1515 ubi
1136 1493 1180 1515 ea
1208 1479 1384 1527 impetra-

139 1539 189 1573 ta,
210 1545 356 1580 semper
378 1532 468 1568 boni
497 1532 702 1582 fidelesque
735 1531 927 1569 mansere:
959 1538 996 1569 et
1029 1538 1166 1569 cuncta
1190 1530 1211 1568 ἐι
1238 1531 1380 1576 Bestia,

140 1584 298 1629 Albino,
328 1585 560 1634 Metelloque
588 1586 781 1634 imperata,
813 1583 982 1634 gnaviter
1006 1586 1181 1622 secer-cuit.
1245 1586 1379 1636 ltaque

141 1639 188 1674 ab
231 1637 460 1686 Imperatore
502 1639 623 1679 facile,
659 1653 742 1689 quae
792 1639 982 1687 petebant,
1015 1639 1152 1688 adepti.
1218 1639 1378 1676 Emissae

141 1689 187 1727 θό
218 1691 386 1728 cohortes
419 1692 600 1742 Ligurum
641 1699 812 1741 quatuor,
844 1698 879 1729 et
917 1692 958 1728 C.
989 1692 1135 1728 Annius
1167 1692 1382 1742 praefectus.

141 1743 186 1780 Id
217 1745 394 1793 oppidum
423 1747 469 1782 ab
509 1746 670 1782 Sidoniis
707 1746 898 1782 conditum
933 1752 1011 1790 est;
1041 1760 1135 1794 quos
1167 1746 1381 1794 accepimus

140 1797 333 1847 profugos,
366 1799 413 1834 ob
445 1799 647 1836 discordias
681 1798 815 1843 civilis,
845 1800 1001 1835 navibus
1033 1799 1070 1835 in
1100 1812 1164 1835 eos
1193 1799 1296 1836 locos
1318 1813 1381 1836 ve-

141 1850 264 1887 nisse:
296 1851 468 1887 caeterum
503 1852 612 1889 situm
646 1853 741 1889 inter
777 1854 869 1889 duas
904 1852 1040 1902 Syrtis,
1077 1853 1215 1914 quibus
1244 1867 1381 1890 nomen

142 1917 188 1940 ex
222 1918 257 1940 re
278 1905 446 1941 inditum.
500 1905 599 1942 Nam
632 1907 705 1942 duo
735 1912 821 1943 sunt
856 1907 957 1942 sinus
996 1919 1111 1955 prope
1148 1906 1184 1942 in
1213 1908 1382 1943 extrema

141 1956 285 2003 Africa,
312 1958 470 2006 impares
501 1959 768 2009 magnitudine,
796 1960 871 2008 pari
901 1959 1058 1996 natura:
1089 1973 1247 2009 quorum
1276 1974 1384 2008 prox-

141 2023 229 2046 uma
268 2016 376 2047 terrae
424 2012 580 2060 praealta
617 2019 714 2058 sunt,
756 2019 906 2058 caetera,
956 2011 1009 2048 uti
1042 2014 1116 2049 fors
1154 2013 1252 2058 tulit,
1284 2014 1382 2058 alta3

142 2063 213 2099 alia
232 2063 268 2099 in
288 2069 509 2112 tempestate
537 2066 685 2102 vadosa.
742 2066 856 2109 Nam,
886 2067 949 2102 ubi
978 2080 1076 2102 mare
1106 2079 1279 2115 magnum
1299 2080 1381 2104 esse

143 2121 181 2152 et
209 2117 338 2154 saevire
368 2119 485 2154 ventis
523 2119 645 2168 coepit,
682 2119 806 2155 limum
833 2133 1056 2169 arenamque
1078 2125 1113 2156 et
1142 2133 1231 2155 saxa
1250 2120 1382 2167 ingen-

143 2169 193 2204 tia
220 2170 355 2207 fluctus
385 2172 554 2208 trahunt:
584 2173 634 2208 ita
663 2173 774 2209 facies
814 2173 980 2210 locorum
1011 2187 1094 2209 cum
1125 2173 1244 2209 ventis
1273 2174 1384 2210 simil

144 2228 317 2260 mutatur.
385 2224 515 2273 Syrtes
561 2226 608 2261 ab
637 2231 756 2262 tractu
802 2227 1012 2263 nominatae.
1090 2225 1185 2276 Ejus
1223 2227 1382 2264 civitatis

143 2273 273 2323 lingua
300 2276 412 2313 modo
444 2292 624 2316 conversa
652 2280 838 2316 connubio
867 2280 1137 2316 Numidarum:
1168 2278 1273 2328 leges
1307 2281 1384 2317 cul-

146 2334 294 2378 tusque,
326 2329 502 2381 pleraque
544 2332 740 2369 Sidonica·
786 2347 871 2381 quae
906 2331 950 2370 eo
982 2333 1128 2369 facilius
1161 2333 1386 2380 retinebant,

733 2385 808 2422 ΕΩ
