1492 2531
86 121 138 158 82
574 123 637 161 SA
643 123 849 162 LLUSTII

94 222 197 274 quod
233 225 365 274 procul
401 226 448 262 ab
485 226 640 275 imperio
676 228 777 276 regis
811 232 957 264 aetatem
989 228 1161 277 agebant.
1231 229 1336 267 Inter

95 277 182 314 illos
203 284 239 314 et
258 279 491 328 frequentem
508 279 725 316 Numidiam
744 281 852 317 multi
869 280 1040 330 vastique
1059 281 1132 318 loci
1151 287 1267 319 erant.

144 331 233 374 Sed,
253 333 428 381 quoniam
447 333 483 368 in
501 332 568 369 has
588 333 760 382 regiones
783 347 846 383 per
867 333 1154 382 Leptitanorum
1182 336 1334 385 negotia

90 385 275 429 venimus,
306 399 380 422 non
416 386 607 436 indignum
636 387 795 432 videtur,
837 387 1030 437 egregium
1059 393 1170 437 atque
1198 402 1337 426 memo-

91 438 207 475 rabile
239 439 384 475 facinus
405 439 562 475 duorum
583 439 944 489 Carthaginiensium
972 454 1188 478 memorare.
1241 442 1335 479 Eam

90 504 167 528 rem
197 506 265 528 nos
301 491 406 529 locus
439 493 643 529 admonuit.
701 493 787 537 Qua
817 498 1038 543 tempestate
1060 493 1336 544 Carthaginien·

91 558 150 581 ses
191 545 381 594 pleraeque
417 545 558 582 Africae
594 546 870 596 imperitabant,
909 546 1145 597 Cyrenenses
1183 562 1333 598 quoque

89 598 217 648 magni
247 604 359 648 atque
395 599 562 648 opulenti
590 598 705 636 fuere.
771 599 877 649 Ager
905 600 943 636 in
981 600 1103 637 medio
1140 613 1335 647 arenosus,

87 652 162 687 una
199 653 345 701 specie:
387 666 510 702 neque
539 653 690 696 flumen,
726 667 848 702 neque
885 667 991 690 mons
1026 659 1115 699 erat,
1152 654 1216 704 qui
1250 653 1336 691 finis

90 718 219 741 eorum
250 705 502 751 discerneret3
530 720 614 755 quae
648 720 706 743 res
743 720 807 743 eos
844 706 880 742 in
914 720 1049 756 magno
1086 707 1334 758 diuturnoque

88 757 189 795 bello
218 758 312 795 inter
338 773 377 796 se
410 759 550 796 habuit.
606 759 812 809 Postquam
837 760 1023 809 utrimque
1042 760 1223 810 legiones,
1244 761 1333 798 item

89 811 242 856 classes,
275 812 378 862 saepe
410 813 504 849 fusae
523 813 751 863 fugataeque,
784 819 820 850 et
856 814 959 850 alteri
999 813 1135 850 alteros
1171 814 1336 864 aliquan-

89 864 169 901 tum
189 866 406 902 attriverant
423 881 431 908 ;
461 866 582 912 veriti,
603 865 648 903 ne
671 880 757 903 mox
775 867 894 904 victos
914 867 1149 916 victoresque
1170 868 1334 904 defessos

90 917 184 955 alius
215 919 491 969 aggrederetur,
520 933 584 968 per
612 920 778 956 inducias
811 921 1049 969 sponsionem
1088 921 1244 965 faciunt,
1277 921 1334 958 uti

91 977 192 1008 certo
223 972 282 1008 die
301 972 415 1021 legati
445 973 554 1008 domo
582 973 924 1023 proficiscerentur:
954 988 1029 1023 quo
1053 973 1091 1010 in
1126 973 1209 1010 loco
1238 975 1335 1012 inter

91 1038 131 1061 se
152 1025 252 1062 obvii
279 1026 451 1070 fuissent,
476 1027 506 1062 is
527 1027 735 1063 communis
760 1028 951 1076 utriusque
974 1026 1097 1076 populi
1116 1027 1198 1064 finis
1218 1028 1333 1065 habe-

90 1084 200 1114 retur.
255 1078 375 1128 Igitur
402 1080 476 1115 duo
496 1079 625 1116 fratres
647 1080 872 1130 Carthagine
895 1080 1012 1123 missi,
1031 1080 1169 1129 quibus
1197 1094 1334 1118 nomen

90 1131 272 1168 Philaenis
305 1138 396 1178 erat,
429 1133 660 1169 maturavere
695 1134 765 1170 iter
792 1147 965 1183 pergere:
997 1133 1229 1182 Cyrenenses
1261 1140 1335 1171 tar-

92 1185 174 1221 dius
193 1184 281 1222 iere.
337 1185 382 1222 Id
403 1186 635 1232 socordiane,
654 1200 701 1223 an
734 1200 823 1223 casu
856 1186 1054 1231 accideret,
1088 1187 1218 1235 parum
1249 1200 1335 1237 cog·

92 1239 190 1275 novi.
246 1239 434 1276 Caeterum
472 1240 565 1276 solet
596 1240 633 1276 in
652 1240 744 1277 locis
763 1240 837 1277 illis
857 1246 1059 1289 tempestas
1088 1240 1187 1277 haud
1210 1241 1334 1287 secus,

91 1298 203 1340 atque
223 1292 261 1328 in
295 1293 399 1336 mari,
418 1293 586 1330 retinere.
640 1293 752 1337 Nam,
783 1294 847 1329 ubi
875 1307 942 1343 per
977 1293 1060 1330 loca
1087 1294 1257 1343 aequalia,
1295 1300 1333 1331 et

91 1345 192 1381 nuda
211 1346 458 1395 gignentium,
488 1353 616 1383 ventus
646 1349 795 1383 coortus
826 1360 973 1383 arenam
1004 1347 1117 1383 humo
1144 1347 1334 1392 excitavit,

94 1412 151 1444 ea,
174 1400 308 1448 magna
327 1399 363 1436 vi
399 1400 550 1449 agitata,
588 1413 653 1436 ora
693 1400 896 1449 oculosque
931 1400 1111 1450 implere:
1152 1405 1217 1445 ita,
1246 1414 1334 1450 pro—

93 1458 227 1501 spectu
246 1453 440 1502 impedito,
477 1455 612 1490 morari
638 1454 720 1490 iter.
776 1452 984 1503 Postquam
1005 1454 1238 1503 Cyrenenses
1267 1454 1333 1490 ali-

96 1504 238 1554 quanto
258 1506 480 1554 posteriores
514 1521 553 1544 se
587 1521 666 1544 esse
695 1507 832 1550 vident,
863 1513 900 1544 et
936 1508 984 1543 ob
1011 1520 1087 1543 rem
1107 1512 1333 1558 ⁸corruptam

93 1558 195 1595 domi
231 1573 358 1609 poenas
407 1565 589 1607 metuunt,
635 1560 821 1597 criminari
856 1560 1193 1610 Carthaginienses,
1249 1566 1333 1597 ante

93 1618 241 1659 tempus
275 1614 385 1649 domo
418 1614 622 1663 digreSSOS,
650 1614 872 1650 conturbare
898 1627 999 1659 rem3
1029 1614 1188 1663 (lenique
1209 1614 1334 1650 omnia

93 1665 205 1702 malle
236 1666 348 1715 quam
387 1667 476 1703 victi
510 1669 623 1705 abire.
694 1666 772 1703 Sed
825 1667 909 1704 cum
943 1667 1048 1703 Poeni
1078 1668 1188 1704 aliam
1211 1668 1335 1704 condi-

92 1719 244 1763 tionem,
277 1721 535 1757 tantummoda
570 1734 732 1771 aequam,
770 1726 952 1769 peterent,
990 1720 1115 1756 Graeci
1145 1720 1333 1771 optionem

92 1771 459 1822 >Carthaginiensium
489 1774 653 1820 faciunt3
683 1773 738 1810 uti
774 1774 831 1810 vel
860 1774 927 1817 illi,
958 1787 1050 1822 quos
1080 1772 1164 1810 finis
1196 1773 1331 1822 populo

93 1839 161 1861 sua
180 1832 360 1875 peterent,
378 1827 431 1863 ibi
462 1827 538 1864 vivi
563 1829 832 1874 obruerentur3
859 1827 919 1864 vel
952 1827 1082 1863 eadem
1121 1827 1331 1864 conditione

94 1892 189 1922 sese,
210 1893 319 1928 quem
340 1881 377 1916 in
408 1880 530 1917 locum
561 1881 709 1921 vellent,
736 1894 988 1930 processuros,
1046 1880 1218 1924 Philaeni,
1246 1893 1333 1916 con-

93 1932 230 1969 ditione
264 1934 434 1981 probata,
468 1948 582 1983 seque
627 1935 819 1983 vitamque
856 1947 961 1970 suam
996 1933 1213 1983 reipublicae
1247 1947 1333 1970 con-

94 1985 299 2023 donavere:
329 1987 381 2023 ita
416 1987 491 2024 vivi
533 1988 667 2024 obruti.
741 1987 1064 2037 Carthaginienses
1097 1988 1135 2023 in
1171 2001 1214 2024 eo
1245 1986 1330 2022 loco

95 2038 272 2075 Philaenis
291 2040 466 2077 fratribus
503 2054 584 2077 aras
622 2041 908 2078 consecravere:
956 2040 1091 2090 aliique
1120 2040 1193 2076 illis
1229 2039 1330 2077 domi

92 2092 230 2129 honore
250 2093 418 2130 instituti.
472 2094 584 2130 Nunc
605 2096 652 2131 ad
668 2108 744 2131 rem
765 2095 892 2131 redeo.

145 2146 331 2196 ‚Iugurtha
366 2146 579 2196 postquAm,
617 2146 753 2184 amissa
783 2147 919 2193 Thala,
946 2145 1037 2183 nihil
1074 2145 1163 2182 satis
1182 2146 1330 2182 firmum

94 2204 222 2235 contra
275 2199 471 2236 Metellum
524 2207 651 2249 putat3
696 2215 762 2250 per
798 2214 951 2250 magnas
989 2199 1206 2236 solitudines
1244 2213 1329 2236 cum

94 2253 224 2301 paucis
260 2253 465 2301 profectus,
494 2254 658 2304 pervenit
690 2254 739 2290 ad
773 2254 958 2299 Gaetulos,
990 2266 1109 2302 genus
1140 2253 1330 2289 hominum

93 2307 213 2342 ferum
243 2306 512 2356 incultumque,
531 2313 566 2343 et
596 2321 640 2343 eo
660 2312 826 2357 tempore
862 2308 1031 2357 ignarum
1064 2307 1223 2342 nominis
1255 2306 1330 2343 Ro-

93 2359 204 2397 mani.
258 2359 398 2396 Eorum
428 2360 704 2398 multitudinem
734 2363 772 2398 in
801 2374 916 2398 unum
936 2360 1037 2409 cogit
1046 2373 1056 2405 3
1085 2374 1127 2396 ac
1147 2357 1330 2411 paulatim
