1492 2531
141 80 214 117 122
615 82 897 122 SALLUSTII

192 183 290 220 Nam
320 185 383 234 qui
417 199 525 222 enare
559 187 681 223 conati
712 188 869 230 fuerant,
902 188 966 224 icti
999 187 1102 237 saepe
1139 188 1369 228 ferramentis

136 238 298 281 navium,
332 244 394 275 aut
422 239 604 276 vulnerati
633 239 655 276 a,
687 240 776 286 suis,
805 247 868 277 aut
897 241 1021 278 afflicti
1052 241 1167 278 alveis
1186 243 1366 281 undarum

135 291 186 334 vi,
207 291 366 334 mulcato
386 292 482 329 foede
504 306 672 341 corpore,
688 292 878 342 postremo
897 300 1020 331 tamen
1039 295 1194 344 periere.
1248 296 1367 339 Idem,

136 349 172 380 et
188 343 407 381 Arusianus
426 344 585 382 Μεεειιε.

188 397 286 434 Nam
315 399 422 435 tertia
447 404 535 435 tunc
562 406 651 445 erat,
683 406 719 436 et
748 399 907 436 sublima
924 400 1060 437 nebula
1080 401 1215 438 coelum
1234 404 1367 440 obscu-

133 451 248 488 rabat.
302 451 401 489 lVon.

185 504 297 541 Illum
316 511 451 542 nautus
476 506 606 543 forum.
663 505 780 543 Idem.

137 606 301 654 Oratio
318 608 496 655 Macrii
509 608 703 663 Licinii,
717 608 896 655 tribuni
908 609 1074 669 plebis,
1089 612 1157 656 ad
1168 611 1361 671 plebem.

184 706 237 747 Si,
272 706 453 752 Quirites,
470 706 601 757 parum
620 709 907 754 existumaretis,
937 709 1039 758 quod
1055 709 1151 746 inter
1169 710 1230 760 jus
1249 709 1272 746 ὰ
1290 724 1369 747 ma-

124 760 270 809 joribus
300 760 471 797 relictum
500 762 621 805 vobis,
655 768 691 798 et
720 762 789 798 hoc
809 761 830 797 a
849 761 955 798 Sulla
973 768 1142 811 paratum
1172 763 1364 800 servitium

129 814 352 859 interesset3
381 814 505 851 multis
524 815 612 851 mihi
633 815 889 851 disserendum
909 816 1053 862 fuisset,
1069 817 1364 866 docendumque,

132 880 224 915 quas
261 868 309 904 ob
345 867 508 917 injurias,
541 874 578 905 et
610 869 780 918 quotiens
810 868 831 904 a
859 869 1028 917 patribus
1059 875 1201 906 armata
1234 870 1363 918 plebes

129 921 368 957 secessisset:
414 921 540 971 utique
575 922 742 958 vindices
779 923 983 970 paravisset
1020 923 1138 959 omnis
1164 923 1258 973 juris
1292 924 1363 969 sui,

127 973 297 1010 tribunos
318 973 452 1022 plebis.
508 974 621 1011 Nunc.
650 975 788 1012 hortari
818 975 929 1013 modo
959 975 1143 1025 reliquum
1169 982 1237 1020 est,
1257 982 1292 1013 et
1310 977 1362 1014 ire

129 1027 289 1075 primum
308 1026 381 1071 via,
402 1028 475 1076 qua
494 1029 761 1077 capessundam
777 1029 934 1065 arbitror
948 1028 1170 1066 libertatem.
1225 1029 1361 1079 Neque

129 1093 188 1117 me
223 1081 402 1129 praeterit,
437 1088 594 1130 quantas
632 1095 721 1130 opes
758 1081 960 1118 nobilitatis
1005 1082 1118 1126 solus,
1163 1082 1362 1131 impotens,

126 1133 227 1169 inani
263 1135 387 1182 specie
422 1134 675 1184 magistratus,
704 1134 841 1184 pellere
875 1135 1123 1172 dominatione
1159 1135 1362 1184 incipiam;

129 1185 343 1237 quantoque
373 1188 488 1225 tutius
520 1189 631 1226 factio
662 1189 857 1225 noxiorum
888 1194 987 1239 agat,
1012 1187 1125 1238 quam
1156 1188 1225 1225 soli
1255 1188 1363 1226 inno-

130 1248 269 1277 centes.
322 1241 398 1278 Sed
425 1248 560 1289 praeter
590 1256 694 1291 spem
726 1243 862 1278 bonam
891 1256 937 1279 ex
966 1242 1087 1287 vobis,
1107 1255 1192 1291 quae
1220 1248 1362 1279 metum

127 1294 228 1339 vicit,
248 1295 373 1340 statui,
392 1295 600 1332 certaminis
631 1296 790 1332 advorsa
822 1308 887 1344 pro
917 1295 1087 1332 libertate
1107 1295 1252 1344 potiora
1279 1309 1361 1333 esse

128 1348 214 1384 forti
232 1348 325 1392 viro,
347 1348 457 1397 quarn
478 1347 627 1385 omnino
646 1363 720 1385 non
740 1349 955 1385 certavisse.
1022 1348 1260 1398 Quamquam
1280 1363 1361 1385 om-

129 1414 196 1437 nes
224 1401 285 1437 alii
317 1402 429 1438 creati
459 1416 524 1451 pro
551 1403 633 1452 jure
658 1408 782 1439 vestro
812 1402 886 1438 viin
914 1407 1098 1446 cunctam,
1135 1407 1172 1439 et
1206 1402 1361 1452 imperia

131 1467 198 1490 sua
225 1454 355 1504 gratia,
387 1462 450 1492 aut
480 1469 559 1504 spe,
592 1461 656 1492 aut
688 1455 853 1504 premiis,
874 1455 912 1491 in
931 1469 996 1492 vos
1017 1460 1254 1492 convortere:
1284 1468 1361 1492 me-

130 1507 276 1558 liusque
308 1508 447 1546 habent
474 1510 644 1546 mercede
665 1509 893 1558 delinquere,
921 1508 1033 1558 quam
1054 1507 1169 1558 gratis
1188 1507 1290 1545 recte
1310 1509 1361 1545 fa-

130 1576 226 1599 cere.
283 1561 414 1611 Itaque
445 1577 572 1599 omnes
603 1561 824 1599 concessere
851 1563 929 1612 jam
959 1562 998 1598 in
1022 1575 1224 1610 paucorum
1244 1561 1361 1598 domi-

128 1616 327 1658 nationem,
359 1616 434 1666 qui,
470 1630 537 1665 per
571 1616 725 1653 militare
757 1629 904 1661 nomen,
941 1616 1124 1660 aerarium,
1160 1615 1359 1661 exercitus,

128 1671 254 1711 refina,
273 1670 483 1718 provincias
503 1669 747 1719 occupavere,
777 1678 813 1706 et
840 1682 961 1706 arcem
990 1669 1130 1705 habent
1155 1682 1201 1705 ex
1229 1667 1356 1717 spoliis

128 1723 282 1759 vestris:
315 1722 398 1759 cum
431 1723 587 1768 interim,
614 1737 714 1760 more
743 1736 932 1772 pecorum,
961 1736 1028 1759 vos
1059 1721 1257 1759 multitudo
1287 1721 1358 1758 sin-

129 1776 227 1825 gulis
262 1775 455 1813 habendos
501 1777 752 1826 fruendosque
788 1776 977 1825 praebetis,
1021 1776 1141 1812 exsuti
1185 1775 1355 1812 omnibus

129 1844 214 1879 quae
242 1829 400 1879 majores
426 1829 630 1879 reliquere:
660 1830 731 1867 nisi
759 1830 846 1879 quia
874 1834 1016 1866 vosmet
1043 1828 1115 1877 ipsi
1139 1842 1207 1878 per
1230 1826 1356 1865 suffra-

127 1884 201 1933 gia,
232 1882 286 1920 uti
313 1884 494 1933 praesides
527 1883 626 1929 olim,
653 1897 751 1920 nunc
776 1882 943 1920 dominos
967 1882 1170 1919 destinatis.
1222 1881 1354 1930 Itaque

128 1938 347 1975 concessere
367 1937 454 1974 illuc
474 1951 625 1974 omnes:
657 1942 694 1974 et
709 1950 809 1981 mort,
841 1937 871 1973 si
897 1941 1020 1973 vestra
1051 1934 1279 1984 receperitis,
1305 1936 1353 1971 ad

129 2004 195 2026 vos
227 1993 398 2029 redibunt
428 1991 619 2040 plerique:
650 1990 741 2027 raris
770 1990 867 2027 enim
896 1989 1038 2026 animus
1068 1994 1125 2025 est
1143 1988 1190 2025 ad
1208 2001 1253 2024 ea
1270 2001 1353 2037 quae

127 2043 276 2092 placent
310 2045 566 2081 defendenda:
614 2050 750 2080 caetera
784 2042 1002 2079 validiorum
1040 2048 1135 2079 sunt.
1188 2040 1251 2077 An
1287 2041 1353 2076 du-

126 2098 229 2134 bium
258 2097 417 2143 habetis,
449 2096 495 2134 ne
525 2097 668 2134 officere
697 2097 787 2147 quid
803 2097 909 2133 vobis
931 2109 1001 2132 uno
1026 2095 1147 2132 animo
1166 2095 1353 2144 pergenti-

125 2151 196 2187 bus
215 2152 348 2200 possit,
377 2165 470 2200 quos
496 2151 693 2200 languidos
722 2150 972 2199 socordesque
1001 2146 1253 2198 pertimuere?
1280 2147 1350 2183 nisi

125 2204 219 2241 forte
238 2205 279 2242 C.
298 2206 407 2243 Cotta
424 2218 469 2241 ex
488 2204 647 2241 fas-tione
676 2204 799 2240 media
828 2202 958 2239 consul
985 2202 1103 2245 aliter,
1131 2199 1244 2250 quarn
1276 2213 1352 2236 me-

122 2262 176 2300 tu,
190 2259 275 2309 jura
294 2259 467 2307 quaedam
496 2258 651 2294 tribunis
679 2256 801 2306 plebis
833 2255 1012 2293 restituit:
1043 2260 1093 2298 et,
1124 2252 1349 2304 quamquam

125 2310 172 2349 L.
210 2311 367 2349 Sicinius
387 2309 526 2361 primus
555 2312 600 2347 de
629 2316 812 2360 potestate
841 2309 926 2347 trib.
966 2307 1069 2357 loqui
1098 2321 1223 2352 ausuS,
1251 2321 1350 2344 mus-
