1492 2531
363 60 735 100 HISTORIARUM
765 58 1111 96 FRAGMENTA.
1282 57 1356 94 123

128 168 298 205 santibus
326 166 447 210 vobis,
476 166 749 201 circumventus
779 167 881 199 erat:
911 168 1035 199 tamen
1063 161 1165 210 prius
1189 159 1243 196 illi
1260 160 1356 196 invi-

128 223 227 258 diam
257 219 434 264 metuere,
465 217 577 267 quaim
607 231 674 254 vos
709 217 852 265 injuriae
884 222 1083 264 pertaesum
1119 220 1189 252 est,
1245 214 1356 258 Quod

129 289 200 324 ego
244 286 390 323 nequeo
427 271 519 308 satis
554 271 691 314 mirari,
725 269 909 313 Quirites:
955 282 1042 304 nam
1079 281 1184 317 spem
1220 268 1357 305 frustra

128 329 243 364 fuisse
270 325 519 362 intellexistis.
591 323 695 361 Sulla
724 328 882 366 mortuo,
916 322 979 372 qui
1009 321 1209 359 scelestum
1236 321 1357 370 impo-

129 385 254 417 suerat
272 379 476 424 servitium,
499 378 610 414 finem
628 376 715 413 mali
743 376 961 413 credebatis.
1015 375 1130 412 Ortus
1160 381 1217 411 est
1245 375 1358 425 longe

129 433 262 471 saevior
291 432 458 468 Catulus.
527 430 728 467 Tumultus
757 429 978 473 intercessit,
1004 429 1120 465 Bruto
1146 434 1183 465 et
1200 428 1357 466 AEmilio

130 486 320 522 Mamerco
341 499 458 530 coss.;
489 484 574 520 dein
594 484 635 520 C.
655 483 768 520 Curio
802 483 848 518 ad
879 482 1032 519 exitium
1057 495 1178 532 usque
1203 482 1358 519 insontis

129 539 267 576 tribuni
285 539 494 575 dominatus
524 543 590 574 est.
644 536 826 573 Lucullus
858 535 1047 584 superiore
1080 548 1177 571 anno
1210 538 1359 584 quantis

130 592 260 629 animis
294 591 378 629 ierit
407 592 444 627 in
476 591 520 628 L.
545 589 776 635 Quinctium,
809 589 971 625 vidistis:
1017 595 1166 638 quantae
1202 589 1360 640 denique

131 659 229 682 nunc
266 645 355 682 mihi
391 646 512 682 turbae
549 644 799 680 concitantur!
850 656 934 693 quae
971 641 1135 690 profecto
1171 642 1360 681 incassum

131 705 343 748 agerentur,
373 698 403 734 si
436 698 551 747 prius,
584 696 696 747 quam
724 711 792 733 vos
821 695 1009 732 serviundi
1034 696 1157 740 finem,
1176 695 1230 732 1111
1249 698 1364 734 domi-

131 752 291 788 nationis
318 752 449 787 facturi
467 756 590 787 erant:
619 748 827 799 praesertim
856 749 939 786 cum
967 748 1024 785 his
1053 749 1222 785 civilibus
1250 752 1360 788 armis

132 805 228 841 dicta
243 805 326 848 alia,
352 805 418 841 sed
437 810 615 841 certatum
635 803 821 852 utrimque
845 804 889 839 de
921 802 1168 839 dominatione
1192 803 1230 839 in
1254 806 1362 842 vobis

132 858 190 894 sit.
245 857 375 907 Itaque
406 863 540 895 caetera
568 871 614 894 ex
642 857 806 901 licentia,
835 862 898 892 aut
916 856 1015 900 odio,
1039 861 1104 892 aut
1132 857 1297 901 avaritia,
1326 859 1363 895 in
1401 878 1404 879 ⁷

132 918 280 961 tempus
311 909 445 948 arsere.
498 909 709 948 Permansit
739 924 812 946 una
839 924 899 947 res
918 907 1044 953 modo,
1075 923 1158 959 quae
1176 911 1364 962 utrimque

133 964 291 1014 quaesita
321 970 391 1010 est,
423 970 460 1002 et
488 970 614 1013 erepta
638 964 677 1000 in
696 971 908 1013 posterum3
935 963 990 998 vis
1009 963 1221 1007 tribunicia,
1250 965 1365 1002 telum

133 1017 157 1054 a
192 1018 391 1068 majoribus
426 1017 590 1054 libertati
621 1024 802 1066 paratum.
860 1016 972 1060 Quod
1007 1029 1077 1066 ego
1112 1031 1180 1053 vos
1216 1032 1364 1064 moneo,

135 1084 355 1120 quaesoque,
384 1075 425 1107 ut
456 1071 779 1116 animadvertatis3
806 1083 891 1115 neu,
922 1070 1071 1106 nomina
1098 1083 1219 1107 rerum
1239 1072 1287 1108 ad
1306 1074 1364 1123 ig-

136 1125 280 1160 naviam
308 1129 505 1170 mutantes,
536 1124 650 1161 otium
680 1137 747 1173 pro
777 1124 924 1160 servitio
944 1122 1160 1172 appelletis:
1191 1138 1265 1174 quo
1287 1127 1365 1177 jam

136 1178 217 1225 ipso
237 1177 321 1220 frui,
347 1178 378 1213 si
396 1191 483 1213 vera
501 1183 538 1214 et
556 1177 712 1215 honesta
729 1177 910 1227 flagitium
937 1178 1179 1226 superaverit,
1205 1192 1281 1215 non
1310 1188 1367 1218 est

137 1230 320 1267 conditio:
352 1231 496 1275 fuisset,
529 1231 559 1267 si
595 1229 744 1267 omnino
776 1230 986 1279 quiessetis.
1054 1230 1167 1267 Nunc
1203 1233 1366 1271 animum

138 1284 340 1320 advortite:
371 1290 419 1328 et,
453 1284 524 1320 nisi
558 1284 729 1328 viceritis,
764 1284 938 1332 quoniam
970 1284 1087 1319 omnis
1116 1284 1249 1333 injuria
1284 1301 1368 1337 gra-

138 1341 250 1379 vitate
278 1337 393 1373 tutior
420 1343 490 1383 est,
522 1337 636 1374 artius
668 1338 871 1374 habebunt.
929 1336 1031 1381 Quid
1067 1350 1196 1375 censes
1227 1339 1370 1389 igitur?

138 1389 270 1439 aliquis
306 1391 472 1426 vestrum
505 1391 714 1440 subjecerit.
784 1390 951 1427 Primum
989 1391 1165 1436 omnium,
1203 1394 1371 1431 omitten-

139 1443 226 1479 dum
258 1457 398 1480 morem
426 1444 523 1480 hunc
556 1458 668 1493 quem
700 1444 832 1494 agitis3
868 1444 1037 1493 impigrae
1070 1443 1225 1495 linguae,
1257 1448 1369 1486 animi

140 1497 279 1546 ignavi,
314 1510 388 1534 non
423 1496 519 1533 ultra
555 1498 743 1535 concionis
783 1497 908 1535 locum
949 1511 1131 1534 memores
1176 1499 1369 1540 libertatis,

141 1549 253 1595 Dein,
279 1548 338 1598 (ne
366 1565 434 1587 vos
463 1551 511 1587 ad
539 1551 657 1588 virilia
681 1551 744 1587 illa
771 1565 914 1595 vocem,
943 1549 1031 1600 quo,
1059 1552 1217 1589 tribunis
1246 1554 1371 1602 plebei

141 1603 348 1640 mandando
380 1604 572 1653 patricium
607 1606 880 1655 magistratum,
920 1603 1039 1640 libera
1073 1606 1119 1641 ab
1156 1608 1371 1646 auctoribus

142 1656 306 1706 patriciis
327 1657 500 1706 suffragia
528 1659 684 1708 majores
713 1658 825 1695 vestri
854 1657 1061 1709 paravere)
1089 1658 1174 1695 cum
1202 1660 1258 1696 vis
1291 1676 1370 1699 om-

142 1710 214 1755 nis,
245 1708 423 1755 Quirites,
453 1711 491 1747 in
511 1712 616 1748 vobis
637 1712 697 1757 sit,
728 1710 795 1757 uti,
825 1725 910 1761 quae
935 1712 1041 1761 jussa
1069 1725 1166 1749 nunc
1196 1727 1265 1762 pro
1291 1715 1372 1753 aliis

143 1762 320 1807 toleratis,
355 1776 419 1812 pro
449 1765 556 1801 vobis
587 1778 699 1815 agere
731 1771 795 1801 aut
827 1779 901 1801 non
934 1778 1045 1814 agere
1077 1765 1177 1802 certe
1207 1770 1372 1816 possitiS.

143 1815 278 1853 Jovem
306 1823 370 1852 aut
396 1817 508 1853 alium
538 1831 649 1868 quem
678 1819 788 1855 deum
827 1818 1073 1854 consultorem
1116 1823 1373 1869 exspectatis?

146 1868 291 1919 Magna
318 1869 382 1906 illa
407 1871 601 1908 consulum
620 1872 775 1921 imperia
793 1879 829 1908 et
844 1877 993 1921 patrum
1014 1871 1162 1909 decreta
1177 1887 1242 1910 vos
1271 1889 1373 1913 exse-

145 1923 295 1972 quendo
323 1928 403 1960 rata
431 1925 586 1969 efficitis,
614 1925 803 1971 Quirites;
832 1923 1002 1975 ultroque
1030 1924 1217 1963 licentiam
1244 1928 1281 1965 in
1306 1944 1372 1967 vos

146 1981 296 2012 auctum
327 1982 439 2026 atque
475 1978 640 2028 adjutum
674 1978 892 2028 properatis
959 1978 1095 2028 Neque
1125 1993 1195 2030 ego
1224 1995 1290 2019 vos
1319 1984 1375 2020 ul-

146 2034 223 2065 tum
253 2029 404 2080 injurias
433 2030 577 2068 hortor:
614 2031 734 2082 magis
765 2031 817 2068 uti
843 2032 1009 2082 requiem
1036 2033 1210 2081 capiatis:
1250 2049 1371 2086 neque

149 2082 364 2126 discordias,
402 2089 441 2120 ut
472 2083 526 2120 illi
555 2085 816 2132 criminantur3
844 2086 921 2131 sed,
947 2098 1071 2122 earum
1090 2086 1202 2123 finem
1230 2088 1374 2135 volens,

143 2135 228 2183 jure
264 2137 443 2185 gentium,
488 2151 546 2174 res
592 2146 743 2187 repeto:
800 2144 849 2185 et,
891 2139 922 2175 si
966 2139 1204 2187 pertinaciter
1244 2143 1376 2180 retine-

148 2188 255 2232 bunt,
294 2203 366 2226 non
410 2203 523 2236 arma,
563 2205 684 2241 neque
723 2193 983 2235 secessionem,
1030 2194 1286 2231 tantummode>
1327 2196 1374 2233 ne

150 2240 306 2289 amplius
338 2244 556 2293 sanguinem
582 2251 747 2281 vestrum
771 2246 986 2294 praebeatis,
1016 2259 1164 2284 censeo.
1234 2248 1376 2287 Gerant

151 2292 383 2345 habeantque
415 2310 483 2334 suo
515 2299 624 2336 modo
651 2298 819 2348 imperia,
847 2304 1015 2348 quaerant
1043 2299 1271 2349 triumphos:
1303 2303 1376 2340 Mi-
