1492 2531
111 73 184 110 160
331 72 554 111 DECLAM
561 71 687 109 ΑἸῚΟ
706 71 767 110 ΙΝ
787 71 1110 111 CICERONEM.

110 175 143 211 Ο
165 173 412 223 fortunatam
430 189 486 211 me
507 173 653 211 consule
673 174 839 211 Romam
855 176 870 211 !
922 175 975 213 Te
993 174 1145 213 consule
1176 174 1334 212 fortuna-

107 234 196 271 tam,
234 229 397 266 Cicero?
451 229 561 264 immo
595 226 682 265 vero
714 228 897 265 infelicem
929 235 965 266 et
994 229 1188 266 miseram!
1246 242 1330 278 quae

107 281 411 318 crudelissumam
431 282 735 331 proscriptionem
763 282 897 318 civium
924 296 1100 331 perpessa
1133 282 1225 328 est3'
1251 294 1333 318 cum

106 342 159 378 tu,
189 335 387 385 pertubat&
425 333 630 384 republica,
665 341 764 371 metu
806 335 998 384 perculsos
1046 350 1170 372 omnes
1214 336 1333 372 bonos

107 402 236 436 parere
255 388 460 425 crudelitati
479 394 554 425 tuae
575 388 737 438 cogebas
754 403 762 431 ς
793 389 878 425 cum
897 389 1019 425 omnia
1035 389 1187 438 judicia,
1207 401 1334 424 omnes

106 441 220 491 leges,
240 442 276 477 in
295 442 359 478 tua
379 441 544 479 lubidine
563 446 690 478 erant:
721 443 806 478 cum
824 448 878 488 tu,
897 441 1046 478 sublata
1073 442 1153 491 lege
1188 442 1334 483 Porcia,

107 495 234 543 erepta
267 494 449 538 libertate,
468 495 627 531 omnium
659 497 825 532 nostram
846 497 931 532 vitae
964 496 1139 544 necisque
1176 500 1336 544 potesta-

108 554 181 584 tem
201 549 247 584 ad
264 554 300 585 te
330 563 443 585 unum
463 547 658 586 revocaris.
732 549 859 598 Atque
892 562 1023 598 parum
1050 554 1119 594 est,
1137 547 1240 598 quod
1274 548 1337 583 im-

108 599 206 650 pune
242 601 387 638 fecisti:
436 600 561 638 verum
599 603 708 640 etiam
755 603 1073 639 commemorando
1115 603 1336 650 exprobras;

107 668 228 703 neque
247 654 334 692 licet
354 655 521 692 oblivisci
536 657 721 693 servitutis
739 669 827 693 suae.
883 656 1028 705 Egeris,
1045 669 1108 692 oro
1127 661 1177 700 te,
1193 655 1338 700 Cicero,

108 708 309 757 perfeceris
329 709 430 757 quod
448 708 565 753 libet3
593 708 683 746 satis
722 714 777 746 est
796 722 992 758 perpessos
1030 722 1110 746 esse
1128 725 1135 745 ε
1183 709 1337 744 etiamne

108 775 213 798 aures
233 768 377 798 nostras
411 763 494 799 odio
520 769 583 799 tuo
614 763 818 800 onerabis?
863 763 1020 800 etiamne
1053 761 1338 799 molestissumis

108 817 231 852 verbis
250 816 524 853 insectaberis‘?
581 814 727 853 Cedant
747 829 859 853 arma
878 821 990 865 togae,
1011 815 1187 852 concedat
1206 815 1338 852 laurea

109 867 258 919 liuguae.
317 869 433 913 Quasi
452 868 539 906 vero
558 874 720 918 togatus,
739 876 775 907 et
794 883 868 905 non
887 875 1062 913 armatus,
1081 883 1138 914 ea,
1157 881 1242 919 quae
1263 868 1340 918 glo-

110 922 226 967 riaris,
256 923 482 969 confeceris3
525 928 634 971 atque
667 924 762 961 inter
794 928 829 959 tc
861 923 1077 973 Syllamque
1112 922 1340 962 dictatorem,

110 982 247 1025 praeter
282 989 415 1013 nomen
441 977 599 1026 imperii,
618 977 820 1027 quidquam
849 975 1065 1013 interfuerit.
1137 976 1214 1012 Sed
1251 976 1341 1025 quid

110 1043 180 1079 ego
212 1029 322 1079 plura
358 1030 402 1065 de
435 1029 500 1066 tua
534 1029 730 1067 insolentia
766 1028 1078 1066 commemorem?
1125 1042 1234 1078 quem
1269 1027 1343 1064 Mi-

110 1096 221 1119 nerva
255 1095 381 1119 omnes
415 1088 512 1119 artes
556 1083 717 1129 edocuit,
749 1083 895 1132 Jupiter
939 1089 1112 1131 optumus
1148 1095 1341 1118 maxumus

108 1136 145 1172 in
184 1136 338 1173 consilio
376 1136 528 1173 deorum
565 1136 725 1183 admisit,
744 1136 853 1173 Italia
890 1136 1034 1173 exulem
1068 1136 1233 1172 humeris
1266 1136 1342 1171 suis

109 1189 323 1239 reportavit.
397 1188 473 1226 Oro
510 1196 558 1231 te,
594 1190 754 1227 Romule
784 1189 963 1240 Arpinas,
996 1189 1060 1239 qui
1095 1188 1246 1239 egregia
1279 1189 1341 1226 tua

110 1244 245 1280 virtute
299 1256 425 1280 omnes
474 1243 640 1287 Paullos,
689 1244 839 1286 Fabios,
882 1243 1090 1292 Scipiones,
1138 1242 1345 1291 superasti3

111 1310 220 1345 quem
256 1296 404 1333 tandem
435 1296 560 1333 locum
595 1297 631 1333 in
665 1296 734 1334 hac
771 1297 919 1333 civitate
956 1296 1132 1333 obtines?
1160 1309 1244 1345 quae
1277 1295 1344 1332 tibi

110 1356 234 1398 partes
271 1350 482 1400 reipublicae
517 1350 697 1399 placent?
742 1363 853 1401 quem
884 1350 1056 1392 amicum,
1090 1363 1198 1399 quem
1228 1349 1346 1385 inimi-

109 1417 193 1440 cum
228 1402 376 1440 habes?
423 1404 483 1440 cui
518 1403 555 1439 in
594 1404 741 1440 civitate
778 1404 897 1440 fecisti
932 1403 1095 1446 insidiae,
1133 1402 1345 1439 ancillaris?

110 1458 196 1502 Quo
211 1458 308 1507 jure,
328 1454 413 1493 oiim
432 1458 476 1493 de
498 1457 629 1494 exsilio
666 1463 730 1494 tuo
764 1457 973 1506 Dyrrachio
1010 1455 1151 1498 redisti,
1170 1469 1253 1492 eum
1293 1470 1347 1492 se-

102 1509 316 1560 quebaris?
360 1510 466 1554 Quos
486 1516 663 1558 tyrannos
696 1510 924 1560 appellabas,
940 1524 1067 1546 eorum
1086 1523 1184 1546 nunc
1217 1514 1348 1558 poten—

103 1565 168 1600 tiae
203 1565 330 1601 faves:
378 1564 441 1612 qui
478 1564 543 1600 tibi
581 1563 671 1600 ante
708 1565 905 1613 optimates
944 1565 1176 1608 videbantur,
1196 1563 1346 1600 eosdem

102 1631 205 1654 nunc
243 1617 435 1654 dementes
463 1631 506 1654 ac
544 1618 704 1654 furiosus
738 1631 860 1654 vocaS.
917 1617 1057 1654 Vatinii
1076 1630 1223 1653 causam
1242 1616 1348 1664 agis;

104 1671 155 1708 de
192 1670 317 1708 Sextio
333 1670 430 1706 male
451 1671 680 1707 existumas:
712 1670 890 1707 Bibulum
916 1670 1232 1719 petulantissumis
1266 1683 1348 1706 ver-

103 1724 164 1761 bis
197 1724 329 1762 laedis:
369 1724 499 1760 laudas
539 1724 754 1761 Caesarem:
802 1738 911 1774 quem
949 1722 1120 1760 maxume
1157 1723 1280 1767 odisti,
1317 1722 1347 1758 ei

107 1777 278 1814 maxume
295 1778 533 1826 obsequeris:
565 1778 668 1813 aliud
703 1783 818 1821 stans,
839 1777 941 1813 aliud
974 1777 1118 1821 sedens,
1139 1778 1184 1814 de
1217 1777 1350 1824 repub-

105 1831 179 1867 lica
198 1831 311 1868 sentis
330 1847 336 1868 :
367 1831 423 1868 his
443 1831 647 1873 maledicis,
669 1830 751 1868 illos
772 1831 897 1876 odisti,
911 1830 1111 1867 levissume
1132 1828 1347 1878 transfuga!

111 1898 233 1935 neque
252 1885 288 1922 in
308 1885 393 1931 hac,
413 1898 533 1934 neque
552 1884 589 1921 in
609 1883 674 1921 illa
695 1889 798 1934 parte
818 1884 926 1921 fidem
946 1884 1073 1922 habes.
