1492 2531
365 90 582 130 HISTORI
592 89 744 127 ARUM
780 88 1125 127 FRAGMENTA.
1290 91 1361 127 125

184 195 240 232 Ac
261 194 382 231 statim
407 192 567 242 fugitivi,
597 198 724 228 contra
753 197 986 241 praeceptum
1013 193 1132 236 ducis,
1160 205 1287 240 rapere
1318 192 1366 228 ad

131 255 301 297 stuprum
319 247 480 296 virgines
500 252 772 295 matronasque.
826 244 984 281 Nonius.

185 301 331 344 Quibus
362 299 384 336 εὶ
413 299 577 336 Sertorio
609 299 771 347 triplices
801 299 943 335 insidiae
973 313 1039 347 per
1069 299 1220 335 idoneos
1251 299 1366 335 saltus

133 355 264 403 positae
308 357 433 391 erant:
480 352 611 402 prima,
657 366 739 401 quae
785 353 885 388 fonte
934 353 1121 389 venientes
1167 353 1366 400 exciperet.

132 407 236 443 Serv.

184 461 324 510 Ingens
343 459 422 508 ipse
442 459 573 496 virium
594 464 703 507 atque
720 458 842 495 animi.
897 457 1125 495 Arusianus.

186 513 330 550 Locum
349 512 487 548 nullum
507 512 578 549 nisi
593 512 629 548 in
649 526 723 562 quo
742 512 872 548 armati
891 512 1121 549 institissent.
1177 512 1291 548 Idem.

186 567 238 603 At
272 566 433 615 Oppius,
469 564 669 615 postquam
705 579 813 602 orans
850 565 939 601 nihil
975 567 1207 614 proficiebat,
1244 564 1372 601 timide

133 626 237 657 veste
266 625 406 656 tectum
442 619 643 668 pugionem
680 619 852 667 expedire
882 623 1051 664 conatus,
1078 619 1101 655 εὶ
1135 618 1247 655 Cotta
1278 618 1372 654 Vul-

135 674 285 722 scioque
305 672 517 721 impeditur.
575 671 673 708 Non.
694 671 821 723 Pugio
840 676 892 709 est
912 670 1033 708 brevis
1050 672 1213 723 gladius.

188 725 400 775 Castrisque
431 725 584 769 collatis,
613 739 738 775 pugna
768 732 891 762 tamen
918 725 1067 774 ingenio
1099 726 1171 762 loci
1204 725 1373 774 prohibe-

134 781 252 816 batur.
305 778 424 816 Idem.

188 833 263 870 Sed
282 832 482 881 Pompeius
502 830 524 868 a.
542 830 661 880 prima
688 831 953 875 adolescentia,
981 846 1150 871 sermone
1171 833 1368 874 fautorum,

135 885 291 922 similem
308 886 386 921 fore
410 899 448 922 se
466 886 620 923 credens
641 885 855 923 Alexandro
876 887 969 936 regi,
997 887 1091 923 facta
1123 885 1367 935 consultaque

136 940 218 988 ejus
238 939 387 988 quidem
407 939 563 987 aemulus
584 943 671 975 erat.
724 938 884 977 Nonius.

188 992 339 1029 Dubius
359 992 515 1028 consilii.
569 990 799 1029 Arusianus,

187 1045 280 1082 Post
315 1045 474 1081 reditum
509 1057 650 1089 eorum,
693 1045 828 1095 quibus
866 1052 1017 1083 senatus
1063 1046 1151 1083 belli
1188 1045 1370 1094 Lepidani

137 1100 292 1147 gratiam
313 1099 462 1135 fecerat.
515 1098 634 1134 Idem.

191 1152 302 1196 Quod
335 1152 398 1188 ubi
433 1150 569 1188 frustra
603 1157 783 1189 tentatum
819 1158 889 1196 est,
927 1152 1117 1189 socordius
1150 1154 1201 1189 ire
1236 1153 1369 1189 milites

137 1206 344 1255 occoepere,
379 1218 452 1241 non
489 1205 584 1254 aptis
621 1206 745 1250 armis,
781 1210 821 1241 ut
855 1206 892 1242 in
927 1206 1122 1255 principio,
1158 1213 1194 1242 et
1230 1206 1368 1243 laxiore

136 1260 294 1309 agmine.
346 1257 504 1296 Nonius.

189 1312 315 1361 Atque
340 1324 426 1347 eum
453 1311 564 1348 Curio
594 1311 801 1355 laudatum,
833 1326 1105 1362 accensumque
1134 1314 1369 1362 praemiorum

137 1370 216 1415 spe.
235 1366 457 1415 quibuscum
476 1364 693 1414 optavisset,
713 1367 764 1403 ire
778 1367 896 1417 jubet.
948 1366 1065 1402 Idem.

189 1418 332 1456 Eodem
367 1424 531 1466 tempore
568 1417 751 1456 Lentulus
789 1419 928 1469 duplici
962 1420 1039 1456 acie
1076 1419 1200 1456 locum
1230 1421 1369 1457 editum

138 1472 251 1510 multo
281 1471 458 1520 sanguine
489 1485 640 1508 suorum
670 1473 888 1515 defendens.
911 1472 1110 1522 postquam
1143 1487 1188 1509 ex
1218 1475 1370 1510 sarcinis

137 1525 397 1574 paludamenta
415 1524 565 1568 adstari,
587 1531 623 1562 et
643 1526 799 1563 delectae
830 1526 999 1563 cohortes
1029 1526 1183 1575 intelligi
1214 1528 1371 1576 coepere.

137 1579 253 1615 Idem.

190 1632 230 1668 Si
249 1632 338 1668 nihil
360 1641 443 1671 ante
460 1635 659 1671 adventum
678 1646 786 1669 suum
806 1633 900 1669 inter
918 1633 1069 1682 plebem
1090 1640 1126 1671 et
1146 1641 1267 1683 patres
1288 1649 1373 1671 con·

139 1685 312 1730 venisset,
332 1687 456 1724 corum
476 1702 515 1725 se
535 1689 706 1724 daturum
726 1700 886 1735 operam.
940 1686 1066 1724 Prisc.
1077 1688 1102 1724 l.
1119 1688 1188 1724 xiV.

191 1739 280 1775 Fine
299 1740 491 1790 inguinum
508 1740 763 1791 ingrediuntur
780 1753 890 1775 mare.
943 1739 1171 1778 Arusianus.

191 1792 246 1830 M.
281 1792 466 1831 Antonius
499 1794 702 1844 perdundae
739 1793 905 1841 pecuniae
939 1796 1112 1843 genitus3
1155 1809 1370 1844 vacuusque

139 1846 251 1892 curis,
270 1846 339 1883 nisi
351 1847 585 1885 instantibus.
638 1847 754 1883 Idem.

193 1899 324 1936 Muros
343 1907 607 1938 successerant.
664 1900 772 1937 [dem.

193 1953 364 2002 Saxaque
392 1954 554 2003 ingentia
571 1961 607 1991 et
625 1967 695 1990 axe
714 1954 848 1990 vinctae
877 1954 1000 1990 trabes
1021 1967 1086 2002 per
1105 1968 1260 2000 pronum
1281 1956 1372 1991 inci-

139 2007 323 2047 tabantur,
353 2008 557 2057 axibusque
587 2008 798 2044 eminebant
827 2007 863 2042 in
897 2007 1046 2043 modum
1075 2007 1176 2043 ericii
1207 2007 1372 2045 militaris

142 2065 269 2095 veruta
287 2060 415 2096 binum
434 2061 582 2110 pedum.
635 2060 733 2096 Non.
753 2060 857 2096 Serv.

194 2113 390 2150 Octavium
408 2114 546 2159 mitem,
567 2121 603 2151 et
622 2119 770 2162 captum
789 2113 961 2162 pedibus.
1015 2113 1239 2151 Arusianus.

194 2165 312 2215 Igitur
341 2167 586 2210 discubuere;
621 2168 806 2204 Sertorius
833 2167 982 2203 inferior
1010 2168 1046 2204 in
1072 2169 1219 2213 1nedi03
1261 2183 1370 2217 super

142 2232 225 2254 eum
259 2219 303 2257 L.
331 2220 467 2257 Fabius
503 2220 765 2270 Hispaniensis
798 2225 946 2256 senator
975 2234 1022 2257 ex
1054 2222 1294 2271 proscriptis;
1335 2223 1371 2258 in

142 2285 284 2308 summo
320 2272 528 2320 Antonius3
569 2281 606 2310 et
641 2272 750 2317 infra,
785 2274 907 2309 scriba
937 2274 1091 2311 Sertorii
1117 2274 1296 2319 Versius;
1337 2284 1374 2313 et
