1492 2531
98 63 171 100 124
575 64 848 102 SALLUSTII

92 166 303 212 thridatem,
340 167 557 211 Sertorium,
596 173 632 204 et
664 167 840 218 reliquias
878 168 1026 205 exulum
1057 176 1326 219 persequantur

96 234 178 255 cum
208 220 428 268 imaginibus
458 221 546 257 suis.
603 221 713 257 Absit
739 221 943 270 periculum
972 229 1009 258 et
1034 222 1154 267 labos,
1182 224 1319 272 quibus

94 273 199 309 nulla
216 287 300 322 pars
320 274 462 309 fructus
492 279 568 319 est3
597 274 667 310 nisi
693 274 788 311 forte
817 276 1008 323 repentina
1034 276 1104 312 ista
1130 277 1327 314 frumenta-

94 325 146 361 ria
166 325 249 376 lege
270 327 393 362 munia
413 332 535 363 vestra
552 333 773 375 pensantur:
803 328 878 377 qua
904 333 1024 365 tamen
1051 329 1172 378 quinis
1191 330 1322 367 modiis

92 379 302 416 libertatem
322 379 483 415 omniurn
505 380 761 423 aestumavere‚
794 381 856 430 qui
884 380 1052 430 profecto
1070 396 1145 419 non
1164 383 1323 432 amplius

94 439 249 480 possunt
293 432 476 469 alimentis
524 447 659 470 carere.
728 433 903 483 Namque
942 440 981 471 ut
1015 434 1088 471 illis
1124 436 1324 486 exiguitate

96 500 194 521 mors
214 486 445 534 prohibetur,
463 493 664 524 senescunt
682 487 798 523 vires:
830 487 882 523 sic
912 501 1033 537 neque
1060 489 1219 526 absolvit
1237 488 1325 526 cura

94 539 263 574 familiari
282 545 356 574 tam
377 553 489 588 parva
509 554 581 586 res,
611 546 648 576 et
676 541 915 589 ignavissumi
941 542 1078 590 quique
1108 541 1326 579 tenuissima

96 607 162 640 spe
192 594 424 629 frustrantur.
479 593 576 635 Quae
609 600 746 637 tamen,
781 592 951 643 quamvis
979 594 1115 644 ampla,
1152 595 1327 643 quoniam

95 646 236 682 servitii
254 646 417 695 pretium
453 652 708 692 ostentaretur,
735 648 840 697 cujus
859 648 1062 695 torpedinis
1089 653 1167 684 erat
1192 648 1328 697 decipi,

96 705 133 735 et
151 705 353 735 vestrarum
372 713 494 735 rerum
513 698 608 736 ultro
627 700 759 751 injuria
777 700 932 750 gratiam
951 700 1116 738 debere?
1149 700 1326 750 Namque

96 752 168 788 alio
188 753 312 798 modo,
343 766 462 801 neque
492 753 618 790 valent
644 753 681 789 in
714 755 917 798 universos,
944 768 1065 804 neque
1085 755 1329 791 conabuntur.

97 805 294 842 Cavendus
322 812 444 842 tamen
473 806 579 842 dolus
608 813 674 843 est.
728 808 860 856 Itaque
892 807 999 844 simul
1028 813 1242 856 comparant
1268 808 1330 844 de-

98 859 308 902 lenimenta,
340 865 376 895 et
413 859 586 896 differunt
616 874 682 896 vos
715 860 750 896 in
787 861 985 897 adventum
1021 862 1091 898 Cn.
1128 860 1326 910 Pompe'l'i3

98 926 209 962 quem
241 913 365 962 ipsum
393 913 457 950 ubi
487 913 724 961 pertimuere,
756 914 942 950 sublatum
969 914 1007 950 in
1036 915 1198 951 cervices
1228 927 1327 959 suas,

98 980 197 1009 mox,
227 966 377 1015 dempto
394 971 511 1010 metu,
540 966 715 1004 lacerant,
770 966 906 1016 Neque
923 981 987 1004 eos
1015 968 1129 1016 pudet
1148 967 1328 1009 vindices,

98 1018 154 1055 uti
182 1033 220 1055 se
248 1020 383 1062 ferunt,
411 1020 606 1063 libertatis,
639 1024 691 1055 tot
720 1019 816 1056 viros
843 1020 920 1057 sine
949 1034 1032 1063 uno,
1062 1026 1125 1058 aut
1144 1020 1329 1058 remittere

98 1073 270 1122 iujuriam
300 1087 375 1109 non
404 1073 553 1116 audere,
584 1079 647 1109 aut
669 1074 732 1123 jus
751 1086 823 1109 non
845 1087 953 1122 posse
973 1073 1182 1110 defendera.
1234 1073 1329 1109 Mihi

100 1126 251 1175 quidem
292 1125 382 1162 satis
425 1132 633 1175 spectatum
676 1132 744 1172 est,
786 1127 1018 1176 Pompeium,
1057 1132 1171 1163 tantae
1201 1126 1329 1176 gloriae

100 1179 390 1224 adolescentem,
430 1179 540 1216 malle
581 1180 786 1229 principem
832 1180 1041 1217 volentibus
1085 1180 1192 1217 vobis
1233 1193 1330 1223 esse,

102 1232 212 1282 quam
240 1232 311 1268 illis
342 1233 601 1269 dominationis
630 1233 793 1279 socium3
836 1240 1098 1283 auctoremque
1134 1234 1173 1269 in
1204 1233 1331 1282 primis

102 1287 179 1322 fore
208 1286 415 1323 tribuniciae
446 1286 651 1334 potestatis.
722 1286 758 1323 V
761 1285 877 1330 erum,
915 1286 1092 1332 Quirites,
1119 1285 1228 1323 antea
1255 1286 1331 1323 sin-

103 1339 182 1387 guli
210 1340 309 1375 cives
337 1340 373 1376 iu
402 1339 585 1388 pluribus,
613 1353 686 1376 non
715 1340 752 1376 in
780 1354 853 1376 uno
882 1340 1004 1376 cuncti
1022 1340 1198 1389 praesidia
1215 1339 1331 1376 habe-

102 1388 219 1429 batis:
250 1406 370 1441 neque
399 1393 608 1429 mortalium
639 1393 835 1443 quisquam
855 1394 955 1438 dare,
982 1399 1044 1430 aut
1063 1393 1217 1442 eripere,
1244 1392 1332 1429 talia

104 1461 199 1482 uuus
219 1453 375 1495 poterat.
429 1446 561 1496 Itaque
582 1448 780 1483 verborum
806 1446 897 1484 satis
916 1447 1054 1484 dictum
1073 1452 1141 1483 est.
1193 1445 1331 1495 Neque

103 1500 198 1535 enim
221 1500 424 1548 ignorantia
443 1514 501 1537 res
521 1499 672 1536 claudit.
742 1500 883 1538 Verum
903 1500 1099 1560 occupavit
1117 1513 1184 1536 nos
1205 1500 1332 1536 nescio

106 1567 189 1602 quae
216 1553 501 1602 101pedo,quia
519 1567 682 1612 nequer,
661 1552 779 1590 oloria
796 1553 1006 1596 movemini,
1031 1567 1152 1601 neque
1171 1552 1332 1602 flagitio:

106 1613 313 1655 cunctaque
346 1608 523 1655 praesenti
552 1607 702 1656 ignavia
732 1607 929 1647 mutastis:
956 1606 1104 1643 abunde
1128 1606 1333 1642 libertatem

107 1661 188 1704 rati,
219 1660 308 1709 quia
326 1661 440 1709 tergis
469 1661 688 1705 abstinetur,
717 1667 754 1697 et
779 1661 851 1696 huc
880 1660 931 1696 ire
966 1660 1064 1704 licet,
1093 1665 1203 1709 atque
1230 1659 1333 1704 illuc,

105 1727 255 1749 munere
287 1714 413 1750 ditium
443 1714 687 1750 dominorum.
759 1714 885 1763 Atque
903 1713 983 1750 haec
1002 1713 1131 1750 eadem
1150 1726 1223 1750 non
1241 1712 1333 1748 finnt

105 1767 339 1816 agrestibus3
396 1768 461 1803 sed
500 1768 692 1803 caeduntur
732 1768 828 1804 inter
868 1766 1073 1815 potentium
1112 1765 1334 1809 inimicitias,

108 1821 281 1869 donoque
319 1820 454 1856 dantur
494 1820 531 1857 in
561 1819 768 1869 provincias
795 1820 1083 1870 magistratibus.
1155 1820 1215 1856 Ita
1241 1832 1335 1867 pug-

107 1879 214 1909 natur
243 1880 280 1910 et
310 1874 468 1910 vincitur
499 1873 522 1910 a
555 1873 706 1922 paucis:
736 1873 878 1923 plebes,
906 1873 1155 1923 quodcunque
1187 1871 1333 1914 accidit,

109 1940 175 1975 pro
204 1927 311 1963 victis
339 1933 417 1963 est:
446 1933 482 1963 et
510 1927 547 1963 in
576 1927 653 1963 dies
683 1927 802 1977 magis
832 1927 920 1973 erit,
961 1927 992 1963 si
1019 1927 1169 1977 quidem
1196 1925 1332 1974 majore

110 1980 199 2016 cura
218 1980 502 2017 dominationem
527 1979 581 2016 illi
605 1980 832 2026 retinuerint,
859 1979 970 2030 quam
997 1994 1063 2017 vos
1092 1978 1332 2028 repetiveritis

104 2033 323 2070 libertatem.

164 2139 370 2189 Postquam
391 2154 565 2189 egressus
583 2140 782 2188 angustias.
835 2139 990 2177 Messus.

164 2193 227 2229 Ad
247 2194 425 2243 Cyzicum
445 2193 606 2242 perrexit
620 2193 784 2230 firmatus
804 2194 926 2230 animi.
977 2193 1036 2230 Ex
1054 2191 1186 2228 eodem.

163 2245 215 2282 Ut
245 2247 423 2283 sustinere
456 2260 612 2296 corpora
640 2246 805 2295 plerique
834 2251 1077 2296 nequeunteS,
1106 2245 1207 2288 fessi,
1235 2257 1334 2282 arma

112 2313 180 2340 sua
199 2300 355 2349 quisque
375 2306 515 2337 stantes
534 2301 801 2338 incumberent.
855 2299 971 2345 Idem,
990 2304 1022 2336 et
1040 2298 1205 2336 Servius.
