1492 2531
148 72 221 108 164
577 71 936 111 DECLAMATIO

142 175 317 212 audacias
348 175 586 212 nutriverunt.
641 176 722 225 Ego
747 176 837 212 nihil
855 176 973 219 timui,
998 176 1067 213 nisi
1096 175 1223 226 leges:
1270 176 1375 215 multi

141 242 243 264 arma
272 242 339 265 sua
374 229 494 266 timeri
528 229 734 266 voluerunt.
801 230 883 279 Ego
919 243 1107 279 nunquam
1139 230 1239 267 volui
1272 231 1376 279 quid-

141 295 251 331 quam
272 296 395 331 posse,
426 283 493 318 nisi
513 296 580 331 pro
601 284 730 320 vobis:
763 283 868 320 multi
888 296 934 320 ex
954 283 1071 328 vobis,
1095 283 1262 333 potentia
1279 284 1376 329 freti,

140 335 178 370 in
209 349 275 372 vos
297 335 373 371 suis
399 336 537 372 viribus
568 337 674 372 abusi
710 341 806 373 sunt.
873 337 1004 385 ltaque
1033 350 1104 373 non
1143 342 1198 374 est
1230 337 1375 379 mirum,

141 388 171 424 si
190 388 342 424 nulliius
368 388 527 425 amicitia
546 403 634 425 usus
661 403 755 433 sum,
771 389 835 438 qui
852 403 924 425 non
942 388 1125 438 perpetuo
1161 389 1375 439 reipublicae

144 442 284 477 amicus
317 442 406 478 fuit:
453 455 573 491 neque
602 457 660 479 me
690 444 856 491 poenitet,
889 443 920 479 si
957 448 1019 478 aut
1050 443 1188 490 petenti
1223 443 1376 480 Vatinio

141 508 204 531 reo
237 496 485 543 putrocinium
519 495 704 544 pollicitus
742 509 837 539 suni,
880 502 942 532 aut
980 496 1097 533 Sextii
1141 496 1375 534 insolentiam

141 549 312 596 repressi,
349 555 412 585 aut
440 549 568 586 Bibuli
603 549 817 598 patientiam
864 548 1022 597 culpavi,
1072 554 1134 585 aut
1178 550 1376 587 virtutibus

142 601 298 638 Caesaris
319 603 402 638 favi,
457 602 528 638 Hae
547 602 674 639 laudes
695 603 790 639 enin]
811 603 949 652 egregii
968 602 1072 647 civis,
1088 608 1125 640 et
1143 603 1261 639 unicae
1281 609 1374 640 sunt.

143 654 238 698 Quae
255 655 285 690 si
304 660 341 691 tu
373 655 459 691 mihi
495 654 549 692 uti
582 656 669 692 vitia
699 656 842 706 objicis,
869 656 1055 693 temeritas
1088 662 1151 692 tua
1183 655 1379 705 reprehen-

142 709 265 751 detur,
301 722 375 745 non
405 722 485 745 mea
515 709 604 745 vitia
650 709 912 758 culpabuntur.
993 708 1106 745 Plura
1141 709 1316 755 dicerem,
1348 711 1378 746 si

142 762 242 810 apud
260 761 350 797 alios
381 762 468 798 mihi
505 769 602 799 esset
630 763 837 808 dicendum,
867 762 911 800 P.
943 762 1007 808 C.;
1050 777 1122 800 non
1161 763 1263 812 apud
1298 776 1376 807 vos,

141 828 233 865 quos
265 815 376 851 habui
409 816 571 853 oninium
599 816 783 853 actionum
812 829 978 852 mearum
1011 817 1221 853 monitores.
1289 816 1378 862 Sed,

141 869 206 905 ubi
234 882 354 904 rerum
375 870 586 906 testimonia
604 869 752 914 adsunt,
772 870 861 918 quid
879 882 971 918 opus
990 874 1047 906 est
1065 870 1187 906 verbis
1209 870 1226 907 ?
1250 870 1378 915 Nunc,

141 922 187 958 ad
210 927 246 958 te
273 921 329 958 uti
347 928 518 966 revertar,
548 923 714 968 Sallusti,
742 928 956 972 patremque
992 929 1096 960 tuum
1135 929 1376 972 praeteream:

141 975 203 1024 qui
240 976 271 1011 si
304 989 494 1024 nunquam
529 976 565 1012 in
599 977 676 1012 vita
711 976 779 1012 sua
812 977 991 1025 peccavit,
1032 981 1152 1012 tamen
1201 978 1376 1026 majorem

139 1029 307 1079 injuriam
342 1029 557 1077 reipublicae
601 1030 719 1066 facere
756 1043 831 1066 non
876 1030 1009 1078 potuit,
1051 1028 1162 1079 quein]
1202 1029 1301 1078 quod
1341 1036 1377 1066 te

141 1082 251 1119 talem
269 1081 385 1118 filium
404 1083 542 1132 genuit.
594 1082 745 1132 Neque,
761 1088 799 1119 tu
820 1083 850 1119 si
870 1083 958 1133 quid
976 1083 1013 1118 in
1029 1083 1184 1130 pueritia
1202 1081 1379 1131 peccasti,

141 1149 338 1185 exsequar,
369 1136 415 1171 ne
436 1142 625 1184 parentem
644 1142 747 1174 tuum
768 1136 897 1173 videar
914 1149 1100 1180 accusare,
1119 1136 1184 1185 qui
1213 1150 1256 1172 eo
1291 1142 1380 1173 tem-

141 1203 230 1237 pore
252 1203 433 1225 summam
451 1190 505 1225 tui
523 1195 744 1238 potestatem
771 1190 922 1235 habuit3
965 1190 1032 1226 sed
1057 1189 1203 1238 qualem
1240 1189 1380 1227 adoles-

141 1242 298 1279 centiam
317 1243 462 1292 egeris:
491 1243 561 1279 hac
581 1243 679 1280 enim
704 1241 967 1288 demonstrata,
998 1242 1108 1279 facile
1139 1242 1380 1293 intelligetur,

141 1295 253 1345 quain
288 1296 468 1345 pelulanti
495 1297 664 1345 pueritia,
684 1296 794 1346 quam
815 1296 1022 1345 impudicus
1059 1301 1095 1333 et
1129 1310 1267 1345 procax
1292 1296 1380 1333 ado-

140 1349 284 1386 leveris.
349 1349 488 1386 Postea
507 1349 619 1398 quam
647 1351 836 1387 immensae
855 1349 953 1399 gulae
989 1350 1268 1398 impudicissimi
1303 1363 1381 1386 cor-

140 1404 240 1451 poris
278 1408 443 1451 quaestus
474 1404 641 1440 sufficere
674 1418 748 1440 non
785 1403 927 1452 potuit3
957 1408 993 1439 et
1025 1408 1112 1439 aetas
1141 1409 1205 1439 tua
1225 1404 1300 1453 jam
1331 1404 1379 1439 ad

143 1470 185 1492 ea
223 1456 406 1504 patienda,
451 1470 534 1506 quae
568 1457 670 1493 alteri
703 1458 823 1494 facere
860 1456 1100 1502 collibuisset,
1143 1455 1378 1503 exoleverat3

145 1509 380 1558 cupidatibus
417 1510 567 1546 infinitis
606 1510 832 1556 efferebaris,
881 1508 935 1546 uti
982 1522 1064 1558 quae
1113 1510 1191 1558 ipse
1237 1510 1381 1558 corpori

141 1563 262 1611 turpia
300 1577 374 1600 non
407 1564 594 1609 duxisses,
628 1565 666 1600 in
700 1564 780 1600 aliis
813 1563 1042 1612 experireris.
1128 1563 1187 1599 Ita
1221 1576 1294 1599 non
1323 1568 1379 1599 est

142 1616 246 1652 facile
295 1622 479 1666 reputare,
534 1617 577 1654 P.
624 1617 679 1661 (3.,
714 1618 837 1654 utrum
867 1616 1179 1653 inhonestioribus
1215 1616 1379 1665 corporis

140 1671 307 1719 partibus
333 1684 407 1708 rem
441 1669 642 1719 quaesierit,
679 1684 724 1707 an
761 1670 933 1707 amiserit.
986 1670 1147 1706 Domum
1177 1675 1378 1719 paternam,

141 1723 224 1759 vivo
257 1729 375 1772 patre,
403 1723 615 1774 turpissime
643 1724 807 1760 venalem
837 1723 979 1768 habuit,
1012 1723 1189 1760 vendidit.
1241 1723 1289 1759 Et
1320 1723 1378 1758 cui

142 1777 293 1813 dubium
319 1783 440 1826 potest
471 1791 568 1824 esse,
606 1778 695 1826 quin
725 1778 818 1813 mori
850 1776 1016 1826 co‘e'gerit
1049 1791 1147 1822 eum,
1185 1790 1271 1827 quo,
1306 1776 1377 1819 hic,

141 1830 304 1866 nondum
351 1836 509 1875 mortuo,
547 1845 614 1881 pro
652 1831 798 1867 haerede
830 1831 989 1880 gesserit
1023 1830 1173 1868 omnia?
1243 1829 1377 1878 Neque

141 1884 257 1932 pudet
275 1883 297 1919 a
324 1898 381 1920 nie
402 1898 486 1920 euin
507 1897 687 1934 quaerere,
704 1884 786 1934 quis
799 1884 837 1919 in
856 1883 901 1919 P.
930 1883 1055 1920 Crassi
1087 1884 1196 1920 domo
1224 1883 1377 1922 habitet.

142 1937 225 1972 cinn
245 1937 324 1986 ipse
343 1939 569 1986 respondere
598 1952 671 1973 non
691 1942 815 1987 queat,
836 1936 918 1986 quis
937 1937 974 1973 in
993 1937 1108 1987 ipsius
1143 1936 1286 1973 habitet
1317 1949 1378 1984 pa-

141 1990 244 2026 tei-11&
273 1991 396 2027 domo.
453 1991 505 2027 At
526 1992 695 2029 hercule!
726 1993 850 2039 lapsus
880 1991 999 2027 aetatis
1031 1990 1210 2035 tirocinio,
1247 1994 1379 2037 postea

142 2057 179 2080 se
211 2044 398 2081 correxit?
452 2044 540 2080 Non
568 2045 618 2081 ita
657 2050 740 2081 est:
789 2044 856 2080 sed
892 2042 984 2080 abiit
1010 2044 1045 2080 in
1081 2042 1289 2080 sodalitium
1318 2056 1377 2078 sa-

142 2096 270 2146 crilegi
288 2097 506 2146 Nigidiani:
545 2098 603 2135 bis
623 2098 762 2148 judicis
799 2097 847 2133 ad
880 2096 1057 2134 subsellia
1091 2101 1281 2141 attractus,
1318 2109 1378 2132 ex-

141 2152 256 2186 trema
282 2151 430 2187 fortuna
463 2151 588 2188 stetit:
619 2158 656 2187 et
690 2152 742 2188 ita
780 2150 964 2195 discessit,
997 2149 1051 2187 uti
1081 2163 1154 2185 non
1187 2149 1246 2185 hic
1275 2149 1380 2185 inno-

144 2218 232 2240 cens
260 2217 355 2247 esse,
372 2202 596 2251 sedjudices
616 2206 803 2255 pejerasse
835 2203 1140 2240 existimarentur.
1214 2202 1378 2238 Primum

139 2257 315 2293 honorem
345 2257 379 2293 in
413 2257 601 2307 quaesturzt
637 2258 809 2307 adeptus,
845 2257 944 2293 hunc
980 2256 1103 2293 locum
1140 2260 1176 2292 et
1213 2255 1378 2291 ordinem

141 2310 356 2359 despectum
398 2310 569 2356 reddidit,
605 2312 710 2361 cujus
756 2310 875 2347 aditus
909 2310 980 2347 sibi
1009 2322 1170 2360 quoque,
1202 2308 1377 2345 sordidis-
