1492 2531
380 101 594 143 BELLUM
624 100 1038 141 CATILINARIUM.
1284 107 1298 142 l
1310 105 1327 142 1

102 206 221 254 binas,
241 212 308 245 aut
327 220 415 258 amp
419 205 491 244 lius
519 206 646 244 domos
665 204 912 243 continuare·
898 234 909 250 ,
949 203 1056 241 nobis
1075 203 1195 242 larem
1202 206 1329 256 fama-

102 261 218 306 liare;
258 274 438 312 nusquam
465 260 583 298 ullum
609 260 718 296 esse?
747 255 831 295 eccm
850 257 1015 301 tabulas,
1044 257 1171 310 signa,
1209 263 1330 296 toreu-

100 319 210 353 mata
240 319 389 358 emunt;
428 327 527 351 nova
555 313 721 356 diruunt,
759 311 842 348 alza
884 310 1095 361 aedificant:
1126 317 1330 362 postremo,

100 366 270 404 omnibus
286 368 407 405 modis
431 366 647 426 pecuniam·
652 364 821 409 trahunt,
854 371 1010 410 vexant;
1038 369 1164 402 tamen
1183 366 1329 403 summ&

100 419 265 458 lubidine
293 420 454 458 divitias
485 434 577 457 suas
607 419 754 456 vincere
795 423 987 470 nequeunt.
1028 417 1085 456 At
1129 417 1238 456 nobis
1268 425 1326 457 est

98 472 197 511 domi
228 473 368 524 inopia,
399 471 505 524 foris
537 487 587 510 aes
620 473 814 516 alienum;
849 471 957 508 mala
988 485 1060 511 res
1089 485 1172 523 spes
1209 473 1328 511 multo

103 526 302 603 asperior.
337 527 506 579 Denique
519 526 612 578 quid
627 525 764 578 reliqui
775 523 968 570 habemus,
982 530 1128 576 praeter
1141 525 1324 565 miseram

99 580 302 619 animam?
329 580 431 628 Quin
468 580 591 631 igitur
633 578 965 630 expergiscimim?
1001 579 1076 625 Ere,
1120 579 1203 624 illa,
1236 580 1322 626 illa,

97 647 208 684 quam
244 648 338 685 saepe
373 633 547 684 optastis,
579 631 762 677 libertas;
804 637 995 683 praeterea
1019 633 1174 678 divitiae,
1203 634 1328 679 decus,

94 687 241 738 gloria,
265 687 303 724 in
333 687 450 725 oculis
479 688 557 725 sita
583 691 692 731 sunt;
718 685 885 735 fortuna
904 699 950 723 ea
979 687 1105 723 omnia
1120 686 1327 726 victoribus

95 740 260 791 praemia
300 741 443 792 posuit.
493 741 586 786 Res,
628 744 785 790 tempus,
826 739 1012 790 pericula,
1049 745 1211 791 egestas,
1240 739 1327 779 belli

97 793 220 843 spolia
243 794 465 845 magnifica,
482 792 612 844 magis
630 792 739 844 quum
765 792 891 830 oratio
911 807 1010 838 mea,
1031 807 1093 830 vos
1116 792 1325 833 hortentur.

104 845 174 884 Vel
197 846 439 898 imperatore,
463 848 524 885 vel
550 847 683 892 milite,
715 859 771 883 me
803 846 983 883 utimini·
1012 860 1127 897 neque
1160 848 1324 893 animus,

97 914 207 952 neque
224 915 372 952 corpus,
386 900 411 938 ὰ
427 900 533 938 vobis
547 900 681 938 aberit.
720 899 845 937 Haec
832 913 931 950 ipsa,
951 905 993 937 ut
1007 913 1123 950 spero,
1136 901 1326 939 vobiscum

95 968 175 990 una
205 955 333 992 consul
357 968 498 1019 agam.-
530 953 606 991 nisi
628 951 736 1003 forte
771 967 829 990 me
861 954 1015 991 animus
1041 952 1170 1003 fallit,
1200 960 1236 993 et
1261 969 1326 992 vos

97 1006 237 1044 servite
254 1007 394 1059 magis,
413 1022 523 1059 quam
541 1008 744 1058 imperare,
759 1006 900 1057 parati
918 1007 1013 1044 estis.

151 1061 354 1111 Postquam
394 1062 572 1111 accepere
602 1074 646 1098 ea
677 1061 856 1104 homines,
888 1062 1024 1111 quibus
1053 1060 1151 1098 mala
1174 1061 1325 1099 abunde

98 1115 219 1151 omnia
239 1121 355 1158 erant,
384 1116 452 1152 sed
480 1128 603 1165 neque
621 1128 695 1158 res,
722 1127 843 1162 neque
874 1128 959 1163 spes
979 1116 1077 1151 bona
1103 1115 1201 1161 ulla;
1227 1122 1324 1153 tam-

98 1167 168 1204 etsi
196 1167 267 1204 illis
287 1169 411 1217 quieta
443 1182 592 1205 movere
618 1181 753 1217 magna
776 1181 916 1204 merces
949 1168 1164 1205 videbatur:
1197 1175 1322 1206 tamen

97 1221 286 1269 postulare
324 1221 504 1271 plerique,
542 1220 597 1258 uti
648 1227 871 1269 proponeret
908 1234 993 1270 quae
1032 1221 1193 1258 conditio
1235 1223 1324 1260 belli

97 1273 216 1319 foret;
243 1288 328 1323 quae
348 1275 458 1311 armis
477 1275 631 1323 praemia
648 1279 837 1322 peterent3
871 1274 961 1324 quid
992 1274 1131 1324 ubique
1160 1275 1241 1325 opis
1261 1282 1326 1313 aut

97 1327 177 1375 spei
214 1327 404 1365 haberent.
471 1326 572 1364 Tum
615 1326 775 1363 Catilina
806 1326 974 1385 polliceri
1005 1327 1151 1365 tabulas
1194 1343 1323 1376 novas,

97 1381 402 1430 proscriptionem
439 1379 697 1431 locupletium,
728 1380 982 1430 magistratus,
1019 1382 1239 1428 sacerdotia,
1272 1397 1326 1420 ra-

96 1434 216 1482 pinas,
247 1434 318 1471 alia
345 1434 480 1480 omnia,
521 1448 606 1484 quae
642 1433 794 1476 bellum,
824 1440 936 1483 atque
967 1434 1096 1471 lubido
1128 1436 1323 1483 victorum,

96 1486 177 1523 fert.
229 1487 433 1533 Praeterea,
463 1501 545 1525 esse
575 1488 613 1524 in
634 1485 817 1536 Hispania
851 1487 1028 1524 Citeiiore
1061 1488 1248 1533 Pisonem,
1286 1491 1324 1526 in

99 1538 326 1578 Mauritania
354 1555 437 1578 cum
469 1542 632 1578 exercitu
664 1540 709 1578 Ρ.
737 1541 870 1577 Sitium
910 1541 1154 1588 Nucerinum,
1181 1544 1325 1580 consilii

97 1593 155 1641 sui
184 1595 395 1644 participes.
457 1594 590 1632 Petere
621 1593 853 1630 consulatum
890 1594 934 1632 C.
963 1594 1181 1641 Antonium,
1211 1610 1322 1646 quem

98 1646 169 1683 sibi
208 1647 387 1697 collegam
416 1648 492 1685 sore
522 1652 712 1697 speraret3
742 1647 927 1684 hominem
954 1653 991 1685 et
1026 1649 1254 1694 familiarem,
1288 1656 1324 1687 et

99 1699 266 1737 omnibus
299 1701 632 1738 necessitudinibus
663 1700 973 1738 circumventum:
1007 1715 1089 1738 cum
1116 1716 1159 1740 eo
1191 1717 1323 1740 consu-

97 1751 170 1789 lem
193 1767 232 1790 se
260 1755 402 1791 initium
429 1755 565 1804 agendi
595 1755 788 1790 facturum.
838 1753 900 1790 Ad
931 1754 1013 1798 hoc,
1040 1755 1244 1793 maledictis
1272 1758 1323 1794 in-

98 1808 273 1856 crepabat
292 1807 410 1845 omnis
437 1809 580 1845 bonos:
612 1820 763 1844 suorum
789 1820 1089 1857 unumquemque
1115 1809 1323 1857 nominans,

97 1859 269 1907 laudare3
296 1862 493 1898 admonere
515 1861 627 1898 alium
646 1860 835 1910 egestatis,
860 1860 972 1897 alium
1000 1861 1209 1910 cupiditatis
1230 1878 1323 1909 suae,

98 1913 307 1963 complures
336 1914 489 1964 periculi
518 1921 581 1951 aut
609 1913 836 1962 ignominiae,
854 1914 990 1951 multos
1011 1914 1175 1953 victoriae
1205 1915 1325 1954 Sulla-

97 1980 171 2011 nae,
200 1968 337 2018 quibus
361 1981 405 2005 ea
433 1968 573 2017 praedae
613 1968 743 2005 suerat.
809 1966 1015 2017 Postquam
1050 1968 1215 2006 omnium
1250 1971 1326 2008 ani-

98 2034 178 2057 mos
209 2019 346 2058 alacris
371 2021 473 2058 videt
509 2021 737 2066 cohortatus,
774 2025 813 2056 ut
839 2020 1053 2070 petitionem
1086 2035 1191 2060 suam
1224 2037 1323 2061 curae

97 2073 287 2119 haberent,
316 2079 538 2111 conventum
569 2074 718 2111 dimisit.
774 2072 893 2111 Fuere
918 2088 964 2111 ea
991 2079 1224 2124 tempestate,
1255 2079 1320 2128 qui

98 2127 262 2164 dicerent
286 2127 495 2174 Catilinam,
523 2128 685 2165 oratione
716 2125 855 2172 habita,
876 2141 960 2164 cum
992 2128 1039 2164 ad
1063 2129 1323 2180 jusjurandum

98 2181 296 2230 populares
311 2181 459 2218 sceleris
479 2182 537 2218 sui
555 2182 732 2231 adigeret,
750 2181 899 2217 humani
919 2182 1083 2230 corporis
1103 2184 1321 2234 sanguinem

99 2233 184 2271 vino
202 2235 423 2283 permixtum
448 2235 487 2271 in
517 2235 653 2284 pateris
677 2234 970 2271 circumtulisse·
962 2264 970 2280 ‚
1000 2234 1087 2272 inde
1119 2249 1202 2272 cum
1236 2247 1323 2287 post

100 2289 388 2325 exsecrationem
407 2301 534 2325 omnes
567 2288 878 2338 degustavissent‚
904 2287 1012 2324 sicuti
1038 2288 1075 2324 in
1094 2289 1321 2328 solemnibus

100 2340 213 2378 sacris
244 2341 323 2380 fieri
361 2341 568 2389 consuevit,
598 2341 788 2391 aperuisse
822 2341 1015 2379 consilium
1049 2356 1183 2391 suum3
1211 2350 1323 2395 atque
