1492 2531
147 95 161 128 1
174 92 222 129 14
624 94 902 133 SALLUSTII

195 195 248 232 At
264 195 351 233 inde
369 194 472 233 nulla
491 197 701 234 munitionis
720 204 783 236 aut
810 199 938 248 requie
967 199 1083 246 mora,
1112 200 1294 250 processit
1321 199 1370 237 ad

144 249 334 300 oppidum.
390 249 632 296 Priscianus,
652 252 714 289 lib.
730 253 829 290 xvnii.
882 252 1030 303 Requie
1046 267 1116 304 pro
1137 253 1290 304 requiei.

197 303 368 353 Agreste.
425 303 553 347 Caris,
574 303 596 341 l.
611 305 633 342 i.
670 324 674 328 ·

197 356 363 393 Ardebat
390 357 507 393 omnis
536 357 716 407 Hispania
745 359 911 397 Citerior.
963 359 1020 396 M.
1047 359 1192 396 Fabius
1228 358 1371 398 Victor.

146 409 189 446 de
206 409 351 446 Invent.
408 409 487 447 Cic.
506 410 528 448 l.
547 411 570 448 i.

200 464 223 486 ÷÷
242 463 290 500 Et
309 463 471 512 pondere
492 464 650 501 validam
668 466 798 502 urbem
813 465 948 503 multos
965 466 1042 503 dies
1061 472 1262 504 restantem
1282 479 1374 516 pug-

148 517 271 553 nando
292 517 390 553 vicit.
416 532 419 536 ·
443 516 545 554 Non.

199 569 332 620 Itaque
367 571 566 617 Sertorius,
599 571 673 608 levi
703 572 879 621 praesidio
906 573 1036 610 relicto
1064 573 1101 609 in
1131 571 1372 616 Mauritaniss,

147 629 276 660 nactus
296 625 489 661 obscuram
510 630 669 670 noctem,
695 632 791 661 aestu
813 627 990 670 secundo,
1010 626 1219 676 furtivaque
1241 625 1374 662 celeri-

146 682 236 722 tate,
254 678 370 714 vitare
389 677 554 727 proelium
573 678 609 714 in
629 684 861 728 transgressu
882 685 1036 717 conatus
1056 685 1123 717 est.
1185 677 1374 729 Agellius,

147 729 209 767 lib.
227 744 261 767 x,
280 745 310 768 c.
327 731 388 768 26.
441 730 602 768 Nonius.
635 731 850 770 Marcellus,

200 784 469 834 Transgressos
499 799 624 821 omnes
655 786 787 836 recipit
806 800 911 823 mons
931 786 1092 832 BaHera,
1119 792 1334 836 praeceptus
1354 784 1377 821 a

149 837 350 874 Lusitanis.
407 838 527 882 Idem,
554 838 698 875 ibidem.

201 891 337 928 Earum
368 891 451 928 aliae
480 892 670 941 paululum
703 906 928 942 progressae,
966 893 1078 930 nimio
1112 891 1222 929 simul
1257 897 1293 929 et
1324 891 1380 927 in-

149 950 249 981 certo
269 959 393 991 onere,
413 945 496 981 oiim
515 959 630 995 pavor
649 960 806 995 corpora
825 946 1041 996 agitaverat,
1062 947 1379 997 deprimebantur.

152 998 267 1037 Idem.

203 1051 342 1088 Locum
365 1051 569 1095 editiorem,
588 1051 701 1101 quam
719 1053 921 1090 victoribus
942 1053 1112 1098 decebat,
1131 1052 1241 1102 capit.
1271 1051 1378 1087 Serv.

150 1105 225 1142 viii.
276 1104 476 1141 AEne'e'dos.
529 1104 760 1143 Arusianus.
813 1106 973 1143 Ilffessus.

204 1158 254 1194 Et
274 1172 358 1194 mox
379 1158 544 1195 Fufidius
575 1159 776 1196 adveniens
811 1173 894 1196 cum
925 1158 1149 1209 legionibus,
1178 1156 1379 1208 postquam

153 1218 274 1248 tantas
294 1212 518 1261 aspiritates‚
548 1212 648 1248 haud
666 1213 812 1249 facilem
828 1213 1082 1263 pugnantibus
1101 1212 1252 1259 vadum,
1271 1224 1382 1247 cunc-

153 1272 191 1302 ta
208 1265 318 1309 hosti,
339 1264 450 1315 quam
470 1266 560 1310 suis,
579 1267 844 1315 opportuniora
858 1267 968 1304 videt.
1024 1263 1186 1302 Nonius.

208 1319 303 1355 Cfim
321 1318 503 1356 Sertorius
522 1332 639 1368 neque
659 1324 880 1368 erumperet,
909 1325 982 1356 tam
1000 1318 1075 1356 levi
1093 1318 1202 1368 copizi
1221 1318 1383 1355 navibus

153 1373 279 1421 sugam
305 1373 522 1409 maturabat.
575 1373 680 1408 Serv.
708 1373 914 1410 Fuldanus.
944 1372 1102 1409 Messus.

208 1425 355 1463 Itineris
385 1438 511 1461 eorum
540 1425 718 1463 Metellus
752 1441 818 1476 per
846 1427 987 1464 litteras
1017 1438 1165 1476 gnarus.
1218 1422 1385 1461 Anesia-

158 1492 240 1516 uus.

223 1532 355 1582 Itaque
400 1531 579 1569 Servilius
626 1539 807 1583 aegrotum
853 1532 1004 1570 Tarenti
1059 1531 1241 1581 collegam
1286 1529 1388 1580 prior

158 1593 424 1635 transgressus,
461 1585 530 1622 iter
563 1586 674 1623 vortit
709 1587 756 1623 ad
792 1586 978 1635 Corycum
1015 1587 1143 1622 urbem
1179 1583 1384 1621 inclutam:

158 1646 360 1690 pastusque
391 1653 554 1685 nemore,
596 1640 632 1675 in
669 1654 743 1690 quo
773 1654 920 1677 crocum
950 1640 1124 1690 gignitur.
1194 1636 1386 1675 Priscian.

190 1693 249 1730 Ton

214 1747 277 1784 Ad
296 1746 498 1796 Olympum
517 1751 627 1796 atque
647 1746 879 1794 Phaselida„
912 1744 1034 1784 Prisc.

215 1801 329 1850 Apud
350 1801 546 1849 Corycum.
599 1798 717 1838 Idem.

216 1854 332 1903 Apud
365 1853 481 1890 Lethe
511 1853 703 1902 oppidum,
732 1855 791 1891 cui
819 1867 954 1890 nomen
984 1851 1187 1889 obliviones
1217 1848 1390 1887 condide-

163 1913 256 1944 rant.
309 1906 428 1943 Idem.
483 1906 586 1943 Serv.
606 1908 696 1943 adi.
751 1907 951 1945 AEne't'dos.

217 1961 409 2010 Repulsus
429 1958 450 1995 ’ἒι
470 1960 587 1997 Lethe
607 1961 758 2010 oppido.
815 1961 930 1998 Idem.
961 1958 1086 1996 Prisc.

219 2014 336 2063 Apud
351 2014 546 2050 Mutinam.
599 2013 715 2051 Idem.

217 2068 333 2116 Apud
353 2067 543 2103 Praeneste
561 2066 717 2105 locatus.
771 2066 892 2103 Idem.

220 2121 349 2157 Medio
367 2121 449 2156 diei.
505 2119 664 2157 stffessus.

221 2174 393 2218 Quietam
412 2173 434 2209 εὶ
452 2173 561 2209 bellis
579 2174 778 2210 civitatem.
831 2173 952 2210 Idem.

223 2227 372 2264 Militiae
393 2227 543 2276 peritus.
597 2226 717 2264 Idem.

221 2281 404 2318 Sertorius
444 2280 560 2328 portis
599 2282 744 2317 turbam
779 2280 1023 2324 morantibus,
1060 2282 1096 2314 et
1130 2275 1245 2322 nullo,
1280 2280 1321 2312 ut
1354 2274 1392 2310 in

168 2341 304 2371 terrore
334 2333 441 2380 solet,
469 2333 617 2383 generis
636 2339 700 2371 aut
717 2333 861 2383 imperii
886 2330 1108 2375 discrimine,
1137 2343 1204 2379 per
1223 2328 1391 2366 calonum
