1492 2531
131 88 181 125 90
607 90 883 129 SALLUSTII

128 189 185 227 uti
205 196 398 238 statuerat,
417 192 556 242 oppida
575 192 804 242 castellaque
835 193 977 231 munita
994 194 1115 231 adire:
1157 193 1291 244 partim
1320 195 1372 242 vi,

129 243 202 280 alia
229 251 345 290 metu,
377 252 441 282 aut
465 246 618 294 praemia
648 248 883 293 ostentando,
912 254 1078 285 avertere
1109 250 1155 285 ab
1185 249 1369 287 hostibus.

128 297 186 334 Ac
219 297 341 347 primo
373 299 575 336 mediocria
607 301 776 349 gerebat,
805 301 1034 337 existumans
1069 302 1292 351 ,Iugurtham
1319 304 1369 340 ob

129 364 217 387 suos
237 352 411 388 tutandos
430 352 466 387 in
487 366 617 389 manus
639 359 846 390 venturum.
899 354 988 399 Sed,
1015 355 1081 391 ubi
1106 355 1212 392 illum
1240 355 1370 404 procul

129 405 277 449 abesse,
318 411 355 441 et
393 405 474 442 aliis
520 407 681 455 negotiis
719 407 915 449 intentum,
945 408 1114 456 accepit3
1165 411 1304 459 majora
1333 415 1370 446 et

128 457 250 507 magis
280 472 412 506 aspera
439 460 594 509 aggredi
627 466 776 509 tempus
801 460 921 496 visum
953 466 1023 498 est.
1094 461 1186 498 Erat
1204 463 1297 499 inter
1314 463 1367 498 in-

128 518 259 559 gentes
276 511 494 548 solitudines
515 513 693 561 oppidum
713 526 886 562 magnum
906 518 1018 561 atque
1046 514 1190 560 valens,
1218 516 1367 552 nomine

130 564 277 612 Capsa3
323 566 427 614 cujus
475 566 643 602 conditor
689 566 875 603 Hercules
923 566 1042 616 Libys
1084 569 1369 605 memorabatur.

128 617 219 665 Ejus
239 619 340 655 cives
356 620 455 667 apud
473 618 697 668 Jugurtham
728 621 923 664 immunes,
953 619 1027 657 levi
1053 620 1224 670 imperio,
1252 626 1289 658 et
1319 622 1367 658 ob

128 684 172 706 ea
201 671 436 715 fidelissumi,
461 672 720 716 habebantur;
759 674 890 711 muniti
919 674 1115 710 advorsum
1142 674 1270 711 hostes
1294 688 1369 711 non

127 725 311 761 moenibus
334 724 459 771 modo,
478 731 514 762 et
533 727 643 762 armis
674 733 786 775 atque
819 728 919 773 viris,
951 727 1077 763 verum
1110 727 1220 764 etiam
1248 725 1368 764 multo

126 777 249 828 magis
275 778 442 815 locorum
472 781 685 828 asperitate.
743 781 852 825 Nam,
886 785 1020 829 praeter
1056 781 1193 830 oppido
1218 781 1369 830 propin·
1393 819 1396 821 Α

128 844 213 880 qua,
232 831 303 868 alia
329 833 451 869 omnia
480 839 600 879 vasta,
620 833 773 879 inculta,
803 834 951 883 egentia
981 847 1102 882 aquae,
1130 834 1266 870 infesta
1295 847 1370 870 ser-

125 885 323 933 pentibus:
356 898 510 934 quarum
531 887 601 931 vis,
632 887 727 923 sicut
756 888 919 923 omnium
940 889 1110 930 serarum,
1143 887 1269 935 inopia
1294 887 1369 924 cibi

126 939 269 975 acrior:
312 940 359 975 ad
388 940 472 985 hoc,
505 946 636 976 natura
683 942 907 989 serpentium
941 941 1022 990 ipsa
1051 940 1274 989 perniciosa,
1307 941 1367 977 siti

124 990 261 1040 magis,
281 992 392 1041 quam
417 993 488 1029 alia
512 1007 567 1037 re,
593 994 821 1031 accenditur.
885 994 976 1044 Ejus
1002 994 1172 1042 potiundi
1204 993 1366 1030 Marium

125 1045 288 1081 maxima
319 1046 452 1095 cupido
482 1048 681 1092 invaserat,
715 1047 798 1083 cum
826 1053 980 1096 propter
1015 1060 1122 1083 usum
1156 1046 1259 1092 belli,
1287 1046 1367 1084 tum

125 1099 211 1146 quia
229 1112 288 1135 res
308 1113 443 1148 aspera
471 1100 693 1136 videbatur:
724 1108 759 1137 et
790 1100 967 1137 Metellus
998 1100 1177 1149 oppidum
1208 1099 1367 1136 Thalam

124 1152 260 1201 magna
286 1153 403 1201 gloria
437 1159 601 1202 ceperat,
638 1154 739 1190 haud
768 1153 997 1190 dissimiliter
1025 1154 1135 1189 situm
1163 1153 1367 1189 munitum-

126 1218 223 1254 que3
275 1206 346 1242 nisi
383 1205 484 1256 quod
527 1208 626 1256 apud
654 1207 812 1243 Thalam
839 1221 914 1243 non
945 1206 1060 1256 longe
1088 1206 1273 1242 moenibus
1305 1205 1369 1242 ali-

125 1264 214 1307 quot
231 1259 351 1296 fontes
382 1266 497 1297 erant.
567 1261 778 1310 Capsenses
807 1261 880 1297 una
911 1258 1037 1304 modo,
1064 1264 1177 1308 atque
1201 1260 1246 1296 ea
1271 1260 1369 1296 intra

125 1312 317 1360 oppidum,
364 1314 448 1364 jugi
501 1314 613 1363 aqua,
660 1313 795 1351 caetera
839 1313 968 1363 pluvia
1015 1313 1228 1349 utebantur.
1322 1312 1368 1349 Id

123 1365 263 1413 ib=que,
300 1371 336 1402 et
371 1367 408 1403 in
445 1367 545 1404 omni
580 1367 723 1412 Africa,
760 1368 824 1416 qui
850 1366 982 1416 procul
1015 1365 1038 1402 εὶ
1068 1365 1158 1402 mari
1190 1365 1367 1402 incultius

124 1420 297 1467 agebant,
334 1419 379 1457 eo
416 1420 561 1457 facilius
599 1420 839 1463 tolerabatur,
875 1420 962 1469 quia
995 1418 1173 1455 Numidae
1208 1418 1367 1468 plerum-

125 1485 196 1521 que
230 1472 327 1510 lacte
358 1480 393 1510 et
427 1475 542 1510 ferina
577 1488 686 1510 carne
724 1474 985 1519 vescebantur,
1014 1478 1051 1509 et
1086 1485 1206 1521 neque
1236 1471 1366 1514 salem,

124 1538 245 1574 neque
265 1526 338 1563 alia
356 1527 454 1576 gulae
483 1528 723 1573 irritamenta,
751 1528 980 1577 quaerebant.
1051 1525 1168 1562 Cibus
1197 1525 1271 1561 illis
1304 1525 1367 1561 ad-

124 1580 275 1616 vorsum
308 1581 444 1617 famem
477 1587 513 1618 et
542 1581 654 1623 sitim,
705 1595 779 1617 non
818 1579 988 1624 lubidini,
1027 1593 1149 1629 neque
1193 1578 1365 1622 luxuriae,

125 1639 215 1669 erat.
288 1634 410 1683 Igitur
443 1634 586 1681 consul,
625 1635 795 1671 omnibus
838 1632 1067 1681 exploratis;
1122 1632 1246 1678 credo,
1296 1632 1366 1668 diis

123 1686 264 1731 fretus3
323 1694 424 1734 (nam
473 1695 603 1725 contra
640 1694 761 1724 tantas
810 1685 1047 1723 difficultates
1083 1684 1237 1722 consilio
1273 1683 1365 1721 satis

124 1740 320 1786 providere
370 1742 445 1778 non
478 1747 625 1790 poterat
659 1756 667 1785 3
714 1742 853 1791 quippe
887 1740 998 1776 etiam
1035 1738 1208 1775 frumenti
1240 1738 1365 1786 inopia

124 1794 361 1840 tentabatur3
404 1793 506 1844 quod
534 1795 710 1831 Numidae
740 1793 881 1843 pabulo
910 1793 1057 1841 pecoris
1088 1791 1223 1842 magis,
1251 1790 1364 1840 quiim

124 1859 211 1881 arvo
241 1847 413 1884 student:
445 1853 481 1885 et
511 1849 774 1898 quodcumque
806 1852 935 1883 natum
965 1846 1099 1890 fuerat,
1125 1846 1235 1895 jussu
1262 1846 1364 1894 regis

122 1899 160 1934 in
190 1899 273 1936 loca
303 1901 444 1938 munita
477 1901 707 1939 contulerant
725 1916 733 1945 ς
763 1914 853 1950 ager
873 1904 997 1935 autem
1015 1899 1141 1935 aridus
1161 1904 1198 1935 et
1215 1898 1363 1947 frugum

123 1966 265 1988 vacuus
292 1955 335 1990 ea
363 1960 606 2004 tempestate:
642 1968 727 1991 narn
755 1953 894 1991 aestatis
917 1957 1126 1989 extremum
1151 1953 1278 1998 erat3)
1313 1957 1366 1986 ta·
1405 2000 1409 2003 ι

124 2020 222 2052 men,
241 2021 308 2055 pro
332 2008 386 2044 rei
414 2008 534 2058 copia,
559 2007 652 2044 satis
676 2008 915 2056 providenter
931 2012 1103 2048 emmam
1139 2017 1253 2054 pecus
1280 2017 1362 2063 ‘om-

124 2073 183 2102 ne,
219 2061 322 2109 quod
357 2061 611 2110 superioribus
647 2062 780 2098 diebus
827 2059 964 2110 praedae
999 2059 1132 2101 fuerat,
1174 2057 1363 2105 equitlbus

124 2113 324 2149 auxiliariis
349 2115 536 2163 agendum
566 2115 754 2151 attribuit:
789 2114 838 2151 A.
868 2112 1054 2149 Manlium
1083 2111 1244 2160 legatum
1279 2124 1363 2146 cum

124 2167 339 2203 cohortibus
361 2168 545 2215 expeditis
564 2169 611 2204 ad
631 2168 809 2217 oppidum
832 2166 954 2209 LariS,
980 2164 1045 2200 ubi
1068 2164 1293 2213 stipendium
1327 2170 1365 2200 et

124 2227 369 2257 commeatum
399 2220 600 2266 locaverat,
628 2222 681 2257 ire
709 2223 840 2271 jubet3
879 2218 1041 2267 dicitque
1073 2231 1112 2254 se
1146 2217 1366 2265 praedabun-

125 2273 212 2309 dum
233 2280 317 2322 post
338 2280 469 2323 pactus
494 2274 573 2311 dies
590 2273 721 2311 eodem
740 2281 951 2312 venturum.
1015 2270 1090 2317 Sic,
1115 2270 1265 2320 incepto
1294 2283 1363 2306 suo

123 2326 321 2372 occultato,
351 2328 474 2377 pergit
506 2329 552 2365 ad
576 2328 711 2365 fiumen
745 2328 917 2365 Tanaim.
976 2323 1216 2377 Caeterumin
1234 2324 1363 2360 itinere
