1492 2531
138 78 211 116 162
570 76 924 117 DECLAMATIO

128 179 324 226 calumnia,
343 193 453 230 quam
472 181 726 231 unusquisque
746 182 925 227 nostrum,
945 185 1102 218 testante
1132 179 1254 218 animo
1278 194 1361 226 suo,

129 234 199 270 sert
219 234 263 269 de
283 247 340 277 eo,
361 234 423 283 qui
455 233 586 270 salsum
620 235 756 271 crimen
790 235 898 272 bonis
931 233 1109 282 objectat.
1179 231 1292 277 Quod
1329 235 1361 270 si

129 286 205 323 vita
235 286 342 323 istius
378 287 592 323 memoriam
620 288 772 325 vincerit
786 303 796 335 ;
821 287 937 333 illam,
959 288 1002 325 P.
1023 288 1080 330 C.³
1116 301 1190 324 non
1210 300 1256 323 ex
1275 299 1359 323 ora-

129 340 228 377 tione
265 341 356 390 ejus,
376 340 443 376 sed
474 353 519 376 ex
551 340 730 385 moribus,
750 347 916 390 spectare
947 341 1101 379 debetis.
1154 340 1240 377 Jam
1260 340 1360 377 dabo

129 407 291 442 operam,
324 392 436 442 quam
478 392 649 430 maxume
694 400 839 442 potero,
872 393 928 431 uti
976 395 1088 431 breve
1133 394 1172 430 id
1213 394 1359 431 faciam.

128 446 263 496 Neque
300 446 381 482 haec
418 445 606 483 altercatio
642 453 769 484 nostra
808 448 911 484 vobis
942 447 1080 483 inutilis
1118 448 1198 491 erit,
1233 448 1274 484 P.
1312 446 1354 484 C.

129 498 363 548 Plerumque
401 500 497 536 enim
533 500 744 548 respublica
780 501 930 550 privatis
968 500 1099 537 crescit
1133 499 1360 546 inimicitiis3

129 553 194 589 ubi
229 566 338 589 nemo
375 553 478 599 civis,
514 554 633 602 qualis
671 554 718 590 sit
753 554 821 598 vir,
858 559 982 603 potest
1015 553 1143 590 latere.
1196 552 1361 590 Primum

128 606 254 655 igitur,
290 619 466 655 quoniam
502 607 665 643 omnium
700 608 856 657 majores
893 606 1047 656 Crispus
1083 605 1280 644 Sallustius
1315 607 1362 643 ad

130 673 242 696 unum
262 659 473 709 exemplum
511 665 547 696 et
572 659 741 710 regulam
774 660 919 710 quaerit,
938 660 1049 697 velim
1083 659 1171 696 mihi
1203 672 1359 708 respon-

129 713 228 756 deat,
248 713 442 761 numquid,
471 726 565 762 quos
601 713 754 762 protulit
789 713 984 763 Scipiones
1016 718 1053 750 et
1086 712 1276 758 Metellos,
1303 712 1362 750 vel

128 766 280 812 Fabios,
315 765 399 802 ante
449 766 582 803 fuerint
617 771 680 803 aut
725 767 920 816 opinionis,
956 772 1019 803 aut
1067 765 1212 816 gloriae,
1247 764 1360 815 quam

129 833 191 856 eos
228 833 287 856 res
323 824 437 868 gestae
474 833 564 865 suae,
600 825 637 856 et
670 819 747 857 vita
797 817 1109 857 innocentissume
1147 825 1229 856 acta
1258 831 1362 855 com-

127 872 343 910 mendavit?
382 871 495 917 Quod
527 873 557 908 si
576 872 643 910 hoc
680 873 747 910 fuit
764 873 836 910 illis
871 874 1015 910 initium
1035 872 1204 916 nominis,
1225 877 1262 909 et
1279 872 1358 922 dig-

127 926 274 972 nitatis3
305 939 370 962 cur
389 940 462 963 non
498 925 605 975 aeque
625 928 670 964 de
689 927 798 964 nobis
817 927 1092 964 existumetnr‘?
1122 927 1228 976 cujus
1244 929 1281 962 et
1303 939 1362 963 res

128 985 248 1029 gestae
266 979 428 1016 illustres
449 985 546 1024 sunt,
566 985 602 1016 et
620 980 696 1017 vita
722 979 971 1030 integerrume
989 985 1082 1017 acta.
1138 979 1255 1023 Quasi
1272 977 1362 1016 vero

131 1038 172 1069 tu
192 1033 241 1069 sis
257 1034 304 1069 ab
325 1033 397 1069 illis
417 1033 518 1078 viris,
536 1032 701 1078 Sallusti,
733 1033 856 1070 ortus!
901 1031 1013 1077 Quod
1048 1033 1076 1069 si
1097 1046 1223 1077 esses3
1267 1045 1361 1068 non-

135 1086 257 1123 nullos
272 1087 350 1135 jam
384 1092 460 1123 tuae
496 1086 748 1136 turpitudinis,
783 1087 964 1136 pigeret„
994 1086 1076 1135 Ego
1111 1085 1202 1122 meis
1219 1085 1365 1135 majori-

129 1141 200 1176 bus
220 1140 352 1176 virtute
390 1139 472 1176 mea
490 1140 668 1189 praeluxi3
696 1139 767 1185 uti,
797 1141 828 1177 si
847 1140 950 1189 prius
969 1140 1047 1177 noti
1078 1152 1153 1176 non
1170 1137 1321 1183 fuerint,
1341 1137 1365 1175 ὲ

131 1207 188 1230 me
208 1193 391 1242 accipiant
426 1193 569 1230 initium
601 1193 788 1232 memoriae
821 1207 921 1231 suae:
967 1199 1007 1230 tu
1035 1193 1108 1230 tuis
1142 1191 1232 1237 vita,
1251 1203 1363 1240 quam

131 1247 287 1296 turpiter
323 1247 445 1297 egisti,
473 1260 629 1296 magnas
666 1246 828 1284 offudisti
861 1248 1057 1292 tenebras;
1102 1250 1143 1282 ut
1178 1245 1301 1291 etiam,
1331 1245 1363 1281 si

131 1301 268 1337 fuerint
287 1300 424 1349 egregii
445 1301 559 1346 cives,
578 1299 678 1337 certe
697 1300 864 1337 venerint
881 1301 919 1337 in
938 1299 1172 1337 oblivionem.
1238 1297 1363 1342 Quare

132 1353 207 1390 noli
226 1353 314 1390 mihi
332 1354 502 1403 antiquos
534 1354 633 1391 viros
670 1354 867 1404 objectare.
937 1352 1060 1390 Satius
1097 1357 1153 1389 est
1172 1351 1283 1398 enim,
1302 1365 1361 1389 me

132 1407 223 1444 meis
241 1408 353 1443 rebus
385 1407 498 1456 gestis
534 1408 676 1452 florere,
712 1406 825 1456 quam
855 1408 1035 1458 majorum
1065 1405 1235 1455 opinione
1266 1405 1358 1451 niti3

133 1466 169 1497 et
187 1460 238 1497 ita
272 1461 408 1504 vivere,
428 1466 469 1497 ut
496 1474 566 1510 ego
587 1462 655 1497 sim
684 1461 843 1509 posteris
862 1461 953 1498 meis
982 1459 1183 1497 nobilitatis
1202 1457 1361 1502 initium,

134 1520 171 1551 et
188 1514 332 1550 virtutis
350 1514 573 1563 exemplum.
625 1514 759 1563 Neque
788 1527 846 1551 me
866 1528 950 1550 cum
985 1514 1029 1551 iis
1049 1511 1205 1549 conferri
1241 1511 1362 1556 decet,

135 1567 177 1603 P.
201 1568 256 1612 C.,
295 1568 359 1617 qui
391 1568 468 1618 jam
501 1568 754 1613 decesserunt,
783 1568 956 1617 omnique
976 1567 1059 1604 odio
1079 1569 1202 1602 carent
1236 1570 1273 1601 et
1306 1565 1362 1601 in-

137 1621 254 1667 vidia3
301 1621 366 1657 sed
401 1634 484 1656 cum
519 1621 578 1667 iis,
597 1621 661 1670 qui
688 1635 833 1658 mecum
867 1620 940 1657 una
958 1621 995 1657 in
1012 1618 1206 1669 republica
1225 1619 1362 1655 versati

135 1679 230 1710 sunt.
301 1673 377 1711 Sed
396 1674 426 1710 si
445 1674 576 1711 fuerim
596 1680 659 1711 aut
677 1675 714 1710 in
732 1674 932 1711 honoribus
957 1673 1126 1725 petendis
1155 1669 1266 1708 nimis
1285 1685 1363 1708 am-

133 1728 316 1773 bitiosus3
375 1741 449 1764 non
477 1727 569 1764 hanc
607 1728 689 1765 dico
721 1728 939 1777 popularem
972 1726 1222 1771 ambitionem,
1254 1723 1362 1772 cujus

134 1795 191 1818 me
223 1781 427 1830 principem
463 1781 664 1825 confiteor;
713 1782 778 1818 sed
812 1781 913 1818 illam
947 1780 1188 1831 perniciosam
1237 1783 1362 1815 contra

134 1834 252 1884 leges,
290 1835 395 1885 cujus
431 1834 591 1883 primos
621 1835 767 1872 ordines
819 1834 1018 1872 Sallustius
1055 1833 1159 1871 duxit
1171 1845 1180 1877 ;
1226 1836 1290 1868 aut
1324 1831 1361 1867 in

134 1888 307 1937 gerendis
337 1887 625 1936 magistratibus,
644 1893 706 1924 aut
741 1888 776 1924 in
808 1888 1017 1938 judicandis
1052 1883 1254 1930 maleficiis,
1286 1889 1361 1920 tam

135 1955 311 1978 severus:
340 1946 403 1977 aut
421 1941 458 1976 in
494 1942 634 1978 tuenda
668 1940 861 1991 republica
880 1947 954 1978 tam
975 1941 1154 1992 vigilans:
1185 1950 1297 1989 quam
1317 1942 1358 1974 tu

135 1995 441 2044 proscriptionem
459 2008 571 2030 vocas
590 2010 596 2031 :
628 1995 752 2037 credo,
772 1993 875 2044 quod
899 2009 973 2032 non
1007 2009 1134 2032 omnes
1153 1994 1203 2028 tui
1224 1990 1362 2027 similes

133 2047 340 2084 incolumes
377 2048 415 2083 in
451 2046 518 2084 hac
555 2049 644 2085 urbe
678 2048 869 2085 vixissent.
941 2051 990 2086 At
1035 2052 1173 2098 quanto
1210 2043 1360 2081 meliore

133 2101 215 2138 loco
233 2100 446 2149 respublica
463 2102 597 2137 tuenda
619 2106 744 2146 staret,
763 2102 794 2137 si
829 2106 883 2147 tu,
900 2115 968 2150 par
1002 2115 1044 2138 ac
1064 2100 1198 2138 similes
1232 2097 1364 2134 sceles-

138 2160 260 2190 torum
296 2154 444 2197 civium,
480 2153 554 2190 una,
589 2168 671 2190 cum
704 2154 775 2190 illis
819 2155 1079 2192 adnumeratus
1113 2148 1246 2190 esses?
1299 2152 1362 2187 An

135 2221 205 2256 ego
224 2213 311 2244 tunc
331 2205 425 2243 falso
445 2207 589 2256 scripsi,
627 2207 772 2243 Cedant
804 2221 916 2244 arma
951 2212 1046 2258 togae
1063 2222 1077 2251 ,·
1122 2206 1185 2256 qui
1213 2210 1361 2253 togatus

135 2266 308 2304 armatos,
343 2265 378 2296 et
413 2273 503 2309 pace
539 2260 677 2297 bellum
716 2260 911 2310 oppressi?
964 2261 1022 2298 An
1057 2260 1150 2297 illud
1186 2257 1360 2295 mentitus

135 2327 229 2360 sum,
267 2313 299 2349 O
331 2312 584 2350 Fortunatam
618 2328 674 2351 me
710 2314 855 2351 consule
891 2313 1077 2358 Romarm·
1122 2313 1186 2364 qui
1220 2315 1362 2347 tantum
