1492 2531
106 110 155 147 38
586 110 859 149 SALLUSTII

105 212 153 250 ad
186 213 357 250 virtutem
390 213 564 250 accendi:
612 213 767 260 scilicet,
804 227 877 250 non
914 227 1036 251 ceram
1071 213 1187 260 illam,
1222 226 1343 264 neque

105 268 275 316 figuram,
302 272 443 303 tantam
462 268 536 304 vim
560 267 597 303 in
627 281 708 304 sese
736 267 898 313 habere3
929 268 995 304 sed
1014 267 1193 304 memoria
1221 281 1344 304 rerum

106 327 295 370 gestarum
319 334 401 357 eam
427 321 612 357 flammam
641 321 800 370 egregiis
815 321 903 357 viris
928 321 964 357 in
989 326 1138 370 pectore
1165 334 1344 364 crescere,

107 388 225 423 neque
245 372 348 422 prius
369 374 504 420 sedari,
528 373 641 423 quam
663 374 779 411 virtus
811 387 937 410 eorum
965 375 1099 410 famam
1130 379 1241 424 atque
1261 373 1345 424 glo-

106 427 197 463 riam
230 427 494 476 adaequaverit.
548 427 600 464 At
628 426 769 470 contra,
789 427 871 477 quis
903 433 961 464 est
990 427 1152 464 omnium
1181 427 1238 464 his
1271 440 1346 464 mo-

107 481 221 526 ribus,
259 480 349 529 quin
385 480 521 517 divitiis
558 486 594 518 et
631 481 857 529 sumptibus,
890 494 964 517 non
1001 481 1187 530 probitate
1223 493 1344 531 neque

108 534 304 578 industria,
326 547 411 569 cum
432 534 632 584 majoribus
654 534 729 570 suis
750 534 982 570 contendat?
1035 533 1158 570 Etiam
1178 534 1344 571 homines

107 587 208 632 novi,
227 587 289 636 qui
317 586 427 623 antea
459 601 527 636 per
554 588 727 624 virtutem
757 587 856 624 soliti
884 593 989 624 erant
1018 586 1247 624 nobilitatem
1285 600 1347 623 an-

107 640 283 685 tevenire,
311 639 440 676 furtim
471 645 509 676 et
539 655 606 690 per
633 640 826 677 latrocinia
849 640 988 689 potius,
1014 639 1128 691 quam
1153 640 1262 677 bonis
1291 653 1347 676 ar-

105 694 220 739 tibus,
256 693 304 730 ad
338 694 493 742 imperia
528 699 565 730 et
599 694 759 731 honores
794 694 973 731 nituntur.
1044 692 1208 731 Proinde
1239 693 1347 744 quasi

107 752 270 796 praetura
301 751 338 783 et
383 746 610 790 consulatus,
651 752 765 797 atque
811 746 882 783 alia
923 747 1046 784 omnia
1089 746 1347 797 hujuscemodi

107 814 176 849 per
211 814 250 837 se
269 800 350 849 ipsa
384 799 483 836 clara
519 806 555 837 et
582 800 778 850 magnifica
815 800 900 844 sint,
923 814 965 837 ac
994 814 1069 838 non
1098 799 1254 850 perinde
1284 799 1348 836 ha-

108 855 280 899 beantur,
298 859 337 890 ut
367 868 508 898 eorum,
534 854 599 904 qui
633 867 677 890 ea
709 854 907 899 sustinent,
934 855 1050 891 virtus
1081 860 1149 890 est.
1205 853 1346 890 Verum

107 921 179 957 ego
199 906 352 944 liberius
379 906 564 957 altiusque
594 907 781 956 processi,
808 908 896 943 dum
927 922 986 944 me
1017 907 1175 945 civitatis
1205 920 1348 945 morum

108 961 212 1010 piget
230 960 428 1010 taedetque.
483 961 594 997 Nunc
614 961 662 997 ad
679 961 869 1009 inceptum
887 962 1012 998 redeo.

162 1013 309 1051 Bellum
342 1014 546 1063 scripturus
579 1028 674 1055 sum,
706 1014 808 1064 quod
837 1014 998 1062 populus
1038 1013 1228 1051 Romanus
1264 1026 1348 1050 eum

109 1067 297 1116 Jugurthzt
325 1081 410 1116 rege
442 1067 687 1104 Numidarum
707 1067 844 1117 gessit:
877 1068 1050 1115 primiim,
1068 1069 1157 1117 quia
1177 1080 1348 1116 magnum

110 1127 147 1157 et
176 1128 295 1162 atrOX,
325 1120 499 1170 variaque
528 1121 683 1157 victoria
716 1121 806 1157 fuit:
837 1120 935 1166 dein,
964 1121 1052 1172 quia
1079 1128 1158 1158 tum
1189 1120 1349 1169 primum

110 1174 296 1223 superbiae
331 1173 535 1210 nobilitatis
572 1173 722 1210 obviam
757 1174 849 1210 itum
895 1179 962 1212 est.
1018 1174 1112 1218 Quae
1160 1173 1349 1210 contentio

111 1228 235 1263 divina
264 1233 301 1264 et
323 1227 484 1263 humana
512 1233 646 1264 cuncta
664 1226 892 1276 permiscuit,
916 1225 1034 1277 eoque
1054 1228 1239 1264 vecordiae
1268 1239 1351 1276 pro-

111 1280 237 1324 cessit,
267 1278 319 1316 uti
351 1280 482 1316 studiis
519 1280 691 1317 civilibus
724 1280 862 1317 bellum
898 1285 1009 1330 atque
1043 1281 1196 1317 vastitas
1229 1279 1350 1318 Italiae

114 1335 226 1371 finem
246 1334 419 1370 facerent.
476 1333 553 1370 Sed
571 1333 688 1382 prius,
708 1332 820 1384 quam
845 1333 1102 1383 hujuscemodi
1129 1334 1183 1371 rei
1207 1334 1350 1371 initium

113 1387 288 1436 expedio,
321 1400 442 1436 pauca
471 1387 586 1435 supr&
614 1393 804 1436 repetam3
844 1385 919 1435 quo
953 1388 1001 1423 ad
1033 1388 1351 1437 cognoscendum,

111 1441 234 1477 omnia
265 1439 423 1476 illustria
454 1439 590 1490 magis,
622 1439 817 1490 magisque
853 1441 891 1476 in
927 1447 1070 1489 aperto,
1106 1442 1190 1477 sint.
1244 1440 1351 1477 Bello

111 1493 256 1530 Punico
298 1494 477 1539 secundo,
516 1506 589 1543 quo
626 1495 702 1530 dux
743 1493 1103 1544 Carthaginiensium
1149 1494 1352 1535 Hannibal,

113 1545 200 1597 post
234 1546 531 1596 magnitudinem
567 1547 725 1584 nominis
761 1547 934 1589 Romani,
977 1547 1092 1584 Italiae
1129 1561 1218 1596 opes
1256 1561 1353 1584 max-

113 1599 198 1638 ume
226 1601 439 1645 attriverat3
468 1600 672 1637 Masinissa
695 1613 762 1638 rex
792 1600 1051 1642 Numidarum,
1084 1602 1119 1637 in
1153 1600 1352 1638 amicitiam

112 1660 285 1702 receptus
305 1653 327 1689 εὶ
360 1652 403 1689 Ρ.
423 1653 613 1703 Scipione,
640 1654 699 1690 cui
723 1653 854 1702 postea
879 1654 1055 1690 Africano
1080 1668 1288 1704 cognomen
1307 1668 1353 1691 ex

115 1708 245 1743 virtute
265 1707 347 1750 fuit,
376 1707 492 1744 multa
520 1713 556 1744 et
584 1707 763 1756 praeclara
792 1708 843 1743 rei
872 1707 1038 1744 militaris
1064 1708 1230 1745 facinora
1257 1707 1353 1745 fece-

114 1766 189 1797 rat:
221 1762 269 1797 ob
295 1773 393 1810 quae,
422 1760 530 1797 victis
561 1760 940 1810 Carthaginiensibus,
964 1766 1001 1797 et
1029 1766 1137 1810 capto
1165 1761 1353 1811 Syphace,

116 1815 221 1863 cujus
248 1815 284 1850 in
311 1814 441 1850 Africa
472 1827 647 1863 magnum
676 1821 787 1864 atque
816 1813 890 1851 late
918 1815 1112 1863 impetum
1143 1815 1258 1851 valuit
1289 1828 1354 1864 po-

116 1867 227 1916 pulus
245 1867 438 1903 Romanus
459 1880 716 1917 quascumque
738 1866 838 1903 urbis
864 1873 900 1905 et
922 1881 1033 1918 agros
1055 1881 1164 1904 manu
1190 1873 1353 1917 ceperat,

116 1921 196 1971 regi
228 1921 326 1957 dono
362 1920 474 1957 dedit.
528 1920 649 1970 Igitur
677 1921 838 1957 amicitia
872 1920 1083 1959 Masinissae
1112 1923 1210 1958 bona
1241 1926 1353 1971 atque

117 1974 274 2011 honesta
304 1973 410 2010 nobis
430 1974 655 2023 permansit:
686 1974 827 2022 imperii
854 1975 1014 2024 vitaeque
1041 1977 1117 2024 ejus
1146 1975 1228 2011 finis
1256 1974 1353 2011 idem

118 2027 196 2064 suit.
250 2027 348 2063 Dein
369 2026 532 2076 Micipsa
555 2026 654 2063 filius
678 2040 836 2077 regnum
867 2028 968 2065 solus
999 2028 1173 2069 obtinuit,
1200 2027 1354 2064 Manas-

119 2079 241 2117 tabale
268 2086 304 2117 et
329 2079 498 2117 Gulussa
522 2081 694 2117 fratribus
721 2083 850 2118 morbo
880 2082 1098 2130 absumptis.
1154 2081 1190 2117 Is
1220 2081 1356 2117 Ather-·

118 2133 242 2170 halem
262 2138 299 2170 et
313 2133 564 2181 Hiempsalem
586 2147 632 2170 ex
648 2148 729 2170 sese
753 2135 901 2183 genuit:
927 2133 1218 2185 ,Iugurthamque
1238 2134 1355 2170 filium

119 2186 390 2223 Manastabalis
415 2187 549 2229 fratris,
569 2200 679 2236 quem
707 2187 921 2232 Masinissa,
946 2186 1049 2237 quod
1075 2193 1176 2225 ortus
1196 2200 1243 2224 ex
1269 2201 1356 2224 con-

121 2240 259 2276 cubina
284 2244 373 2281 erat,
404 2241 587 2289 privatum
620 2240 832 2290 reliquerat,
861 2241 992 2278 eodem
1021 2241 1135 2287 cultu,
1155 2255 1229 2292 quo
1262 2241 1355 2278 libe·

122 2307 182 2330 ros
202 2306 304 2338 suos,
321 2292 422 2329 domi
449 2293 588 2331 habuit.
645 2294 719 2337 Qui
748 2294 809 2330 ubi
829 2294 986 2343 primum
1011 2295 1184 2338 adolevit,
1209 2294 1356 2343 pollens

121 2346 277 2392 viribus,
302 2346 438 2384 decora
456 2346 561 2393 facie,
580 2348 647 2384 sed
673 2346 793 2385 multo
824 2345 999 2385 maxume
1022 2348 1172 2398 ingenio
1197 2347 1356 2392 validus,
