1492 2531
103 53 180 109 ‘170

106 176 275 217 Hiempsal
297 175 444 216 Micipsae
467 175 560 211 filius,
586 178 639 206 38.
671 176 726 206 de-

147 220 242 260 spicit
279 219 513 260 ignobilitatem
550 219 726 259 Jugurthae,

148 269 181 293 et
204 263 368 303 Jugurthae
392 262 516 292 hortatu
544 262 562 291 a
587 262 729 292 Numida

148 306 283 346 quodam
306 304 471 340 occiditur,
485 307 539 335 42.

106 435 250 465 Interrex
266 432 388 474 Appius
402 389 574 469 IClaudius,
594 436 667 464 112.

106 478 299 511 JUGURTHA,
324 476 559 507 Manastabalis
579 477 671 511 filius,
693 487 730 507 ex

151 519 328 551 concubina
351 527 448 555 ortus,
464 519 482 548 a
506 520 645 560 Micipsa
662 530 731 550 cum

152 563 253 603 ipsius
268 562 375 592 liberis
390 562 562 598 educatur;
596 563 669 592 dein
694 563 731 593 ad

153 606 271 636 bellum
317 605 548 635 Numantinum
585 607 731 641 mittitur,

153 652 207 679 38.
251 648 305 679 ubi
332 648 351 677 a
384 648 530 687 Scipione
566 649 732 688 magnifice

153 692 290 722 donatus
319 697 350 721 et
378 691 525 721 laudatus
551 699 610 727 est,
634 699 667 722 et
694 692 733 721 ad

151 735 326 775 Micipsam
341 744 413 764 cum
437 735 552 764 litteris
574 745 733 765 commen-

152 778 275 808 datitiis
290 777 450 812 remissus,
466 780 515 807 40.
560 776 579 806 a
594 777 734 817 Micipsa

152 820 306 851 moriente
357 820 536 860 adoptatur,
580 826 612 850 et
663 831 732 850 curn

150 864 252 904 ipsius
288 863 360 893 filiis
407 869 597 893 testamento
632 863 735 894 haeres

154 907 339 941 instituitur,
357 909 410 936 41.
441 906 588 946 Micipsae
606 906 734 937 decreta

155 949 294 980 rescindi
319 955 419 985 curat,
435 949 654 989 Hiempsalem
680 960 736 990 per

155 993 289 1025 insidias
327 992 487 1033 opprimit,
516 995 568 1023 42.
611 1002 734 1023 omnem

157 1035 345 1066 Numidiam
409 1045 563 1075 occupare
631 1043 734 1075 parat,

156 1078 330 1109 Atherbale
366 1077 493 1119 fugato:
531 1088 566 1109 ac
599 1077 735 1108 Romam

155 1122 255 1152 mittit
265 1122 399 1161 legatos,
415 1132 486 1151 cum
511 1121 609 1161 largis
626 1132 737 1152 mune-

156 1165 254 1201 ribus,
269 1174 325 1204 per
353 1174 431 1203 quos
454 1174 488 1194 se
513 1165 667 1204 purgavit,
682 1167 736 1195 42.

157 1208 322 1238 meliorem
348 1207 511 1237 Numidici
550 1207 640 1246 regni
667 1217 739 1247 por-

158 1251 278 1281 tionem
314 1250 451 1281 sortitur.
504 1249 634 1290 Opimio
672 1250 738 1280 Ro-

157 1304 260 1324 manae
275 1293 443 1333 legationis
457 1292 606 1332 Principe
617 1293 650 1322 in
666 1303 740 1323 suas

158 1343 266 1377 partes
280 1336 428 1371 adducto,
439 1337 491 1366 46.
514 1337 545 1366 in
555 1335 739 1366 Atherbalis

159 1390 291 1420 regnum
320 1379 460 1409 animum
493 1379 650 1416 intendit;
694 1386 737 1415 et,

160 1423 244 1462 agris
259 1422 326 1464 ejus
350 1422 499 1460 vastatis,
514 1423 617 1463 ipsum
632 1422 739 1463 sugere

161 1465 286 1496 Cirtam
334 1466 508 1505 compellit,
557 1465 739 1506 Cirtamque

161 1509 295 1544 obsidet,
340 1509 394 1538 50.
439 1508 553 1549 legatis
589 1509 739 1538 Romanis

161 1552 273 1588 semel,
315 1552 355 1582 ib.
399 1557 492 1592 atque
535 1551 649 1581 iterum
692 1561 741 1581 re-

161 1595 321 1636 spondet3
347 1594 438 1625 Cirta
467 1604 522 1634 per
547 1594 741 1624 deditionem

162 1638 292 1677 potitus,
322 1638 537 1673 Atherbalem,
573 1637 742 1668 Numidas-

162 1690 222 1720 que
259 1691 368 1711 omnes
403 1680 536 1720 puberes
574 1689 612 1711 ac
645 1690 740 1720 nego-

162 1723 293 1754 tiatores
336 1723 494 1758 interficit,
535 1725 584 1753 52.
645 1723 742 1753 filium

162 1776 301 1808 quosque
326 1766 501 1796 familiares
532 1766 570 1796 ad
599 1772 742 1796 senatum

161 1809 259 1850 legat,
275 1810 339 1851 qui,
366 1810 491 1840 infectis
508 1809 601 1838 rebus
627 1808 744 1839 disces-

162 1858 280 1888 serunt,
298 1855 350 1883 53.
395 1853 477 1882 Dein
494 1863 563 1882 cum
581 1852 692 1881 Bestia
713 1859 745 1882 et

161 1895 280 1926 Scauro
295 1902 418 1926 secreta
435 1895 588 1935 transigit,
604 1896 657 1925 54.
675 1905 743 1925 cum

163 1939 274 1969 Cassio
305 1946 436 1978 praetore
472 1938 610 1968 Romam
647 1945 743 1973 vemt,

163 1984 216 2013 57.
283 1982 451 2022 Baebioque
486 1981 612 2011 tribuno
643 1981 745 2020 plebis

162 2025 297 2064 pecunia
347 2031 504 2064 corrupto,
559 2023 675 2053 frustra
726 2025 745 2053 a

162 2068 318 2098 Memmio
349 2075 524 2102 accusatur,
549 2068 603 2096 58.
646 2067 746 2101 necis,

164 2121 258 2151 quam
291 2112 452 2141 Bomilcar
485 2110 633 2140 Massiva.
663 2110 744 2139 intu-

164 2155 246 2184 lerat
262 2164 347 2184 reus.
391 2153 487 2183 Italia
507 2152 633 2193 jubetur
653 2152 744 2182 dece-

164 2197 250 2232 dere,
262 2199 313 2227 58.
329 2196 411 2226 bello
423 2196 452 2225 in
463 2196 572 2226 Africa
582 2202 744 2230 renovato,

164 2240 316 2270 Albinum
374 2240 535 2269 consulem
593 2238 744 2273 ludificat,

163 2282 335 2324 Albinique
372 2281 509 2312 Romam
533 2282 651 2311 reversi
681 2281 743 2310 fra-

163 2332 244 2357 trem
277 2326 397 2357 Aulum
440 2330 667 2367 propraetorem
712 2324 744 2354 in

658 82 725 107 IND
733 82 795 109 EX.

802 187 892 217 spem
919 177 1076 218 pactionis
1110 177 1212 218 primo
1249 178 1382 215 inducit,

802 221 912 260 postea
928 221 995 262 ejus
1019 228 1125 252 castra
1148 221 1188 251 de
1213 221 1384 262 improviso

802 262 1019 301 circumvenit,
1047 267 1100 295 60.
1156 270 1188 295 et
1211 266 1386 296 exercitum

805 306 982 348 subjugum
1007 307 1116 343 mittit,
1142 308 1179 338 ib.
1197 307 1238 337 ad
1265 308 1386 339 Metel·

804 349 869 379 lum
894 350 1016 390 legatos
1038 350 1250 391 supplicatum
1274 352 1386 387 mittit,

805 393 858 422 65.
880 403 951 423 cum
966 403 1016 428 eo,
1031 394 1119 424 varia
1136 393 1259 423 fortuno
1273 395 1390 425 variis·

805 444 866 475 que
882 435 1010 471 artibus,
1024 435 1115 466 modo
1139 436 1277 472 insidiis,
1292 436 1387 468 mod&

806 484 915 516 aperto
937 484 1049 514 marte,
1065 484 1180 514 certat,
1197 481 1249 514 66,
1266 479 1324 511 &c.
1346 482 1388 512 ad

805 522 859 550 73.
888 521 1081 551 deditionem
1103 521 1188 557 facit,
1203 522 1291 562 cujus
1313 533 1387 553 mox

806 563 948 603 poenitet,
962 566 1014 594 73.
1038 564 1153 594 bellum
1174 573 1314 601 renovat,
1332 568 1386 595 76.

807 605 968 637 Bocchum
989 617 1131 637 socerum
1146 608 1178 637 in
1202 608 1388 639 societatem

807 649 948 689 adducit,
975 652 1028 680 83.
1071 660 1204 691 cumque
1232 651 1288 681 illo
1314 651 1388 682 Ma·

806 703 882 722 num
898 703 1077 734 aggressus,
1092 695 1141 724 95.
1165 693 1281 734 magna
1297 694 1388 724 clade

806 736 953 771 vincitur,
1007 737 1057 766 96.
1122 736 1222 766 altero
1274 737 1389 767 deinde

807 779 927 817 praelio,
943 778 1017 809 dolo
1041 778 1181 819 quidem,
1206 777 1262 809 sed
1283 779 1391 810 minus

807 820 943 852 feliciter
983 832 1066 854 usus,
1102 821 1239 863 fugatur,
1274 823 1324 853 98.
1372 823 1389 852 a

808 863 947 900 Boccho,
962 864 1090 895 tandem
1113 864 1269 906 proditus,
1297 865 1391 895 Sullae

808 908 943 943 vinctus,
967 907 1113 944 traditur,
1129 914 1161 939 et
1185 907 1227 938 ad
1253 908 1391 939 Marium

809 949 986 987 deducitur,
1001 953 1074 981 104.

1057 1036 1083 1065 L

769 1078 1002 1109 Lacedaemonii
1038 1084 1071 1109 et
1104 1078 1319 1110 Athenienses
1360 1081 1392 1111 in

810 1121 934 1152 Graecia
950 1120 1069 1161 coepere
1098 1122 1190 1152 urbes
1212 1130 1306 1163 atque
1337 1134 1394 1155 na-

810 1164 911 1194 tiones
925 1164 1080 1205 subigere,
1097 1169 1128 1195 1.

770 1208 882 1248 Legati
911 1207 1128 1237 Romanorum
1165 1216 1296 1248 regnum
1322 1208 1396 1239 Nu-

811 1250 917 1280 midiae
931 1250 1068 1280 divisum
1093 1250 1203 1280 decem
1222 1250 1323 1287 missi,
1338 1254 1394 1284 46.

811 1293 1020 1324 Atherbalem
1034 1300 1065 1323 et
1079 1293 1099 1324 J
1102 1293 1269 1333 ugurtham
1281 1294 1395 1335 jubent

813 1346 899 1366 arma
941 1346 1072 1377 ponere,
1120 1337 1173 1366 50.
1229 1336 1392 1377 Jugurthae

796 1390 817 1421 p
837 1390 924 1410 acem
939 1380 1142 1420 imperantes,
1158 1379 1276 1410 frustra
1291 1380 1394 1411 disce·

813 1426 902 1458 dunt,
922 1424 975 1453 5⁰2.
1023 1422 1143 1452 Bocchi
1169 1421 1210 1452 ad
1235 1431 1391 1460 senatum,

815 1468 887 1496 100.

773 1508 926 1538 Lentulus
974 1507 1014 1538 ad
1058 1507 1285 1548 conjurandum
1328 1513 1396 1538 tum

815 1553 913 1585 cives,
940 1557 1006 1581 tum
1034 1550 1125 1585 alios,
1142 1550 1310 1586 sollicitat3
1340 1561 1398 1591 per

817 1594 1011 1625 Umbrenum
1059 1593 1246 1633 Allobroges
1281 1599 1396 1629 tentat,

817 1640 868 1667 19.
926 1636 1086 1667 Vulturtio
1114 1636 1169 1666 dat
1197 1636 1321 1666 litteras
1357 1637 1397 1666 ad

817 1679 1001 1714 Catilinam,
1019 1682 1071 1710 21.
1093 1679 1109 1709 ὲ
1129 1679 1294 1714 Cicerone,
1315 1679 1398 1720 quod

816 1729 930 1762 praetor
958 1728 1034 1757 erat,
1063 1732 1159 1752 manu
1188 1722 1220 1751 in
1254 1730 1398 1753 senatum

817 1765 958 1802 ducitur3
990 1764 1122 1806 cumque
1151 1765 1256 1795 liberti
1285 1766 1333 1795 sui
1360 1775 1398 1796 ac

816 1809 948 1839 clientes
994 1819 1065 1838 eum
1111 1807 1232 1847 eripere
1282 1807 1399 1838 frustra

817 1852 923 1882 conati
947 1858 1064 1886 essent,
1082 1851 1215 1881 Lentulo
1237 1850 1399 1889 Spintheri

818 1895 902 1924 aedili
925 1895 957 1924 in
979 1894 1154 1924 custodiam
1181 1893 1326 1929 traditur,
1342 1897 1397 1926 22.

818 1939 850 1967 in
865 1937 1045 1967 Tullianum
1061 1947 1220 1967 carcerem
1242 1936 1398 1967 demissus

819 1981 982 2014 occiditur,
1004 1982 1056 2010 32.

779 2022 890 2063 Lepidi
905 2025 1006 2053 oratio
1019 2029 1128 2053 contra
1143 2022 1274 2057 Sullam,
1291 2023 1362 2052 107.

783 2067 941 2105 Leptitani
976 2067 1053 2096 socii
1100 2066 1246 2095 Romano
1281 2065 1398 2104 populo

819 2118 944 2149 semper
992 2108 1101 2139 fideles
1141 2109 1180 2138 ad
1230 2107 1400 2138 Metellum

818 2152 940 2191 legatos
997 2151 1174 2192 praesidium
1243 2148 1399 2180 adversus

819 2194 1036 2225 Hamilcarem
1074 2194 1231 2236 quendam
1278 2200 1400 2224 oratum

818 2239 956 2272 mittunt,
974 2240 1024 2268 81.

777 2280 842 2310 Lex
873 2280 998 2315 Porcia,
1023 2282 1076 2312 2⁷.
1120 2277 1315 2320 Sempronia,
1346 2279 1407 2309 52.

819 2323 956 2359 Plautia,
974 2324 1026 2354 15.
